TICKER,DATE,TIME,LAST,VOL,ACTION
NVDA,241121,70000,143.45,100,SELL
NVDA,241121,70000,143.45,500,SELL
NVDA,241121,70000,143.38,100,SELL
NVDA,241121,70006,143.45,250,BUY
NVDA,241121,70008,143.45,100,SELL
NVDA,241121,70009,143.47,250,BUY
NVDA,241121,70014,143.45,250,SELL
NVDA,241121,70015,143.48,250,BUY
NVDA,241121,70016,143.5,250,BUY
NVDA,241121,70028,143.3,100,SELL
NVDA,241121,70029,143.3,200,SELL
NVDA,241121,70029,143.3,100,SELL
NVDA,241121,70032,143.4,198,BUY
NVDA,241121,70035,143.4,128,SELL
NVDA,241121,70036,143.39,248,SELL
NVDA,241121,70042,143.33,250,SELL
NVDA,241121,70042,143.33,900,SELL
NVDA,241121,70043,143.35,200,SELL
NVDA,241121,70044,143.34,100,SELL
NVDA,241121,70044,143.34,100,SELL
NVDA,241121,70046,143.35,250,SELL
NVDA,241121,70046,143.35,220,SELL
NVDA,241121,70048,143.35,208,SELL
NVDA,241121,70049,143.33,250,SELL
NVDA,241121,70053,143.35,200,SELL
NVDA,241121,70058,143.39,199,SELL
NVDA,241121,70100,143.35,300,SELL
TSLA,241121,70101,340.68,339,BUY
NVDA,241121,70103,143.49,250,BUY
NVDA,241121,70110,143.5,250,BUY
NVDA,241121,70111,143.53,198,SELL
NVDA,241121,70112,143.55,500,BUY
NVDA,241121,70112,143.55,250,SELL
NVDA,241121,70121,143.55,250,SELL
NVDA,241121,70125,143.6,250,SELL
NVDA,241121,70125,143.6,100,SELL
NVDA,241121,70125,143.6,100,SELL
NVDA,241121,70125,143.6,100,SELL
NVDA,241121,70126,143.6,200,SELL
NVDA,241121,70129,143.6,100,SELL
NVDA,241121,70129,143.6,119,SELL
NVDA,241121,70130,143.6,200,SELL
NVDA,241121,70130,143.6,300,SELL
NVDA,241121,70132,143.6,100,SELL
NVDA,241121,70132,143.6,283,SELL
NVDA,241121,70132,143.6,100,SELL
NVDA,241121,70132,143.6,100,SELL
NVDA,241121,70132,143.6,100,SELL
NVDA,241121,70132,143.6,117,SELL
NVDA,241121,70207,143.8,1000,BUY
NVDA,241121,70208,143.78,100,SELL
NVDA,241121,70208,143.77,100,SELL
NVDA,241121,70213,143.83,180,SELL
NVDA,241121,70224,143.88,244,SELL
NVDA,241121,70230,144.0,100,SELL
NVDA,241121,70230,144.0,150,SELL
NVDA,241121,70231,144.0,100,SELL
NVDA,241121,70231,144.0,100,SELL
NVDA,241121,70231,144.0,100,SELL
NVDA,241121,70231,144.0,100,SELL
NVDA,241121,70231,144.0,100,SELL
NVDA,241121,70231,144.0,100,SELL
NVDA,241121,70247,144.09,1000,BUY
NVDA,241121,70253,144.11,120,SELL
NVDA,241121,70300,144.15,112,SELL
NVDA,241121,70300,144.15,200,SELL
NVDA,241121,70317,144.15,100,SELL
NVDA,241121,70335,144.14,675,SELL
NVDA,241121,70336,144.14,108,SELL
AAPL,241121,70344,229.35,200,SELL
AAPL,241121,70344,229.35,100,SELL
AAPL,241121,70344,229.35,102,SELL
NVDA,241121,70355,144.29,100,SELL
AAPL,241121,70400,229.35,103,SELL
AAPL,241121,70400,229.35,100,SELL
NVDA,241121,70424,144.32,150,SELL
NVDA,241121,70426,144.25,250,SELL
NVDA,241121,70444,144.39,370,BUY
NVDA,241121,70444,144.39,100,SELL
NVDA,241121,70510,144.42,177,SELL
NVDA,241121,70512,144.4,251,SELL
NVDA,241121,70513,144.36,136,SELL
NVDA,241121,70547,144.38,120,SELL
NVDA,241121,70612,144.39,474,BUY
NVDA,241121,70649,144.4,400,BUY
TSLA,241121,70659,341.3,200,SELL
NVDA,241121,70724,144.35,100,SELL
NVDA,241121,70746,144.12,100,SELL
NVDA,241121,70746,144.12,100,SELL
NVDA,241121,70746,144.12,100,SELL
NVDA,241121,70746,144.11,100,SELL
NVDA,241121,70746,144.1,400,SELL
NVDA,241121,70746,144.1,100,SELL
NVDA,241121,70750,144.14,100,SELL
NVDA,241121,70850,144.31,385,BUY
NVDA,241121,70928,144.33,300,BUY
NVDA,241121,70933,144.32,100,SELL
NVDA,241121,70933,144.32,100,SELL
NVDA,241121,70944,144.31,300,SELL
NVDA,241121,70945,144.31,100,SELL
NVDA,241121,70945,144.31,100,SELL
NVDA,241121,70953,144.35,240,BUY
NVDA,241121,70953,144.35,240,SELL
NVDA,241121,70953,144.35,250,SELL
NVDA,241121,70953,144.35,250,SELL
NVDA,241121,70953,144.35,250,SELL
NVDA,241121,70953,144.35,250,SELL
NVDA,241121,70953,144.35,250,SELL
NVDA,241121,70953,144.35,250,SELL
NVDA,241121,70953,144.35,200,SELL
NVDA,241121,71022,144.46,125,SELL
NVDA,241121,71022,144.46,200,SELL
NVDA,241121,71022,144.46,200,SELL
NVDA,241121,71032,144.5,100,SELL
NVDA,241121,71032,144.5,100,SELL
NVDA,241121,71033,144.55,100,SELL
NVDA,241121,71040,144.6,106,SELL
NVDA,241121,71045,144.64,100,SELL
NVDA,241121,71045,144.64,100,SELL
NVDA,241121,71045,144.64,100,SELL
NVDA,241121,71045,144.64,100,SELL
NVDA,241121,71045,144.65,100,SELL
NVDA,241121,71045,144.65,100,SELL
NVDA,241121,71045,144.65,100,SELL
NVDA,241121,71045,144.65,100,SELL
NVDA,241121,71046,144.69,102,BUY
NVDA,241121,71046,144.68,100,SELL
NVDA,241121,71110,144.62,100,SELL
NVDA,241121,71110,144.62,100,SELL
NVDA,241121,71111,144.64,250,BUY
NVDA,241121,71119,144.6,213,SELL
NVDA,241121,71124,144.55,100,SELL
NVDA,241121,71130,144.54,100,SELL
AAPL,241121,71136,229.65,125,BUY
NVDA,241121,71137,144.53,100,SELL
NVDA,241121,71137,144.53,100,SELL
TSLA,241121,71137,341.28,100,SELL
NVDA,241121,71138,144.5,250,SELL
TSLA,241121,71141,341.28,226,SELL
TSLA,241121,71145,341.2,137,SELL
NVDA,241121,71149,144.53,133,SELL
NVDA,241121,71149,144.53,117,SELL
NVDA,241121,71150,144.56,250,BUY
NVDA,241121,71158,144.54,100,SELL
NVDA,241121,71158,144.54,250,SELL
NVDA,241121,71201,144.56,222,BUY
NVDA,241121,71211,144.58,200,SELL
NVDA,241121,71213,144.6,219,BUY
TSLA,241121,71214,341.28,100,SELL
NVDA,241121,71216,144.6,107,SELL
NVDA,241121,71233,144.64,100,SELL
NVDA,241121,71241,144.67,100,SELL
NVDA,241121,71252,144.65,100,SELL
NVDA,241121,71310,144.7,100,SELL
NVDA,241121,71311,144.72,273,BUY
NVDA,241121,71312,144.69,200,SELL
NVDA,241121,71323,144.71,110,SELL
NVDA,241121,71331,144.69,100,SELL
NVDA,241121,71331,144.69,100,SELL
NVDA,241121,71331,144.69,100,SELL
NVDA,241121,71331,144.69,100,SELL
NVDA,241121,71347,144.71,100,SELL
NVDA,241121,71347,144.71,100,SELL
NVDA,241121,71400,144.68,100,SELL
NVDA,241121,71400,144.68,100,SELL
NVDA,241121,71400,144.68,100,SELL
NVDA,241121,71405,144.68,100,SELL
NVDA,241121,71406,144.69,175,BUY
NVDA,241121,71413,144.68,100,SELL
NVDA,241121,71413,144.68,100,SELL
NVDA,241121,71413,144.69,125,BUY
NVDA,241121,71413,144.69,200,SELL
NVDA,241121,71431,144.7,200,BUY
NVDA,241121,71431,144.7,100,SELL
NVDA,241121,71442,144.8,100,SELL
NVDA,241121,71442,144.8,100,SELL
NVDA,241121,71454,144.8,100,SELL
NVDA,241121,71455,144.8,100,SELL
NVDA,241121,71518,144.925,100,SELL
NVDA,241121,71610,144.975,380,BUY
NVDA,241121,71610,144.97,100,SELL
NVDA,241121,71610,144.97,300,SELL
NVDA,241121,71612,144.95,100,SELL
NVDA,241121,71622,144.94,100,SELL
NVDA,241121,71622,144.94,100,SELL
NVDA,241121,71622,144.94,100,SELL
NVDA,241121,71622,144.94,100,SELL
NVDA,241121,71622,144.94,100,SELL
NVDA,241121,71622,144.95,100,SELL
NVDA,241121,71622,144.95,100,SELL
NVDA,241121,71652,144.95,100,SELL
NVDA,241121,71652,144.95,100,SELL
NVDA,241121,71656,144.97,100,SELL
NVDA,241121,71656,144.97,100,SELL
NVDA,241121,71656,144.96,100,SELL
NVDA,241121,71656,144.96,100,SELL
NVDA,241121,71656,144.96,100,SELL
NVDA,241121,71656,144.96,100,SELL
NVDA,241121,71656,144.96,100,SELL
NVDA,241121,71715,144.9,100,SELL
NVDA,241121,71716,144.92,100,SELL
NVDA,241121,71716,144.93,100,SELL
NVDA,241121,71719,144.9,100,SELL
NVDA,241121,71719,144.91,100,SELL
NVDA,241121,71721,144.9,100,SELL
NVDA,241121,71721,144.9,100,SELL
NVDA,241121,71721,144.86,100,SELL
NVDA,241121,71721,144.87,100,SELL
NVDA,241121,71721,144.87,100,SELL
NVDA,241121,71722,144.87,100,SELL
NVDA,241121,71726,144.81,100,SELL
NVDA,241121,71726,144.85,100,SELL
NVDA,241121,71726,144.82,100,SELL
NVDA,241121,71727,144.84,100,SELL
TSLA,241121,71729,341.53,100,SELL
TSLA,241121,71732,341.53,400,SELL
NVDA,241121,71734,144.8,141,SELL
NVDA,241121,71734,144.8,159,SELL
NVDA,241121,71737,144.75,100,SELL
NVDA,241121,71739,144.77,100,SELL
NVDA,241121,71740,144.78,110,SELL
NVDA,241121,71743,144.79,100,SELL
NVDA,241121,71744,144.77,250,SELL
NVDA,241121,71744,144.78,100,SELL
NVDA,241121,71745,144.8,109,SELL
NVDA,241121,71746,144.83,114,SELL
NVDA,241121,71747,144.82,100,SELL
NVDA,241121,71747,144.8,100,SELL
NVDA,241121,71751,144.84,100,SELL
NVDA,241121,71756,144.84,100,SELL
NVDA,241121,71757,144.83,100,SELL
NVDA,241121,71758,144.86,100,SELL
NVDA,241121,71801,144.88,100,SELL
NVDA,241121,71812,144.86,100,SELL
NVDA,241121,71812,144.86,100,SELL
NVDA,241121,71812,144.86,100,SELL
NVDA,241121,71812,144.86,100,SELL
NVDA,241121,71812,144.87,300,BUY
NVDA,241121,71812,144.87,100,SELL
NVDA,241121,71812,144.87,187,SELL
NVDA,241121,71821,144.92,100,SELL
NVDA,241121,71828,144.95,100,SELL
NVDA,241121,71830,144.96,100,SELL
NVDA,241121,71853,144.95,100,SELL
AAPL,241121,71908,229.92,100,SELL
NVDA,241121,71914,144.92,100,SELL
NVDA,241121,71943,144.85,100,SELL
NVDA,241121,71944,144.86,100,SELL
NVDA,241121,71949,144.82,100,SELL
NVDA,241121,71949,144.82,120,SELL
NVDA,241121,71949,144.83,100,SELL
NVDA,241121,71949,144.85,100,SELL
NVDA,241121,71949,144.85,100,SELL
NVDA,241121,71949,144.85,100,SELL
NVDA,241121,71949,144.85,100,SELL
NVDA,241121,71949,144.85,100,SELL
NVDA,241121,71949,144.85,100,SELL
NVDA,241121,71954,144.85,100,SELL
NVDA,241121,72010,144.85,100,SELL
NVDA,241121,72011,144.83,100,SELL
NVDA,241121,72012,144.83,100,SELL
NVDA,241121,72012,144.88,100,SELL
NVDA,241121,72014,144.8,100,SELL
NVDA,241121,72014,144.8,100,SELL
NVDA,241121,72015,144.8,100,SELL
NVDA,241121,72018,144.77,100,SELL
NVDA,241121,72025,144.75,100,SELL
NVDA,241121,72031,144.73,100,SELL
NVDA,241121,72031,144.74,100,SELL
NVDA,241121,72031,144.74,100,SELL
NVDA,241121,72031,144.74,100,SELL
NVDA,241121,72031,144.75,100,SELL
NVDA,241121,72053,144.73,100,SELL
NVDA,241121,72053,144.73,100,SELL
TSLA,241121,72056,342.13,100,SELL
NVDA,241121,72100,144.73,100,SELL
TSLA,241121,72102,342.13,100,SELL
NVDA,241121,72112,144.73,100,SELL
NVDA,241121,72112,144.73,100,SELL
NVDA,241121,72112,144.74,100,SELL
NVDA,241121,72132,144.66,250,SELL
NVDA,241121,72134,144.69,100,SELL
NVDA,241121,72134,144.69,100,SELL
NVDA,241121,72134,144.68,100,SELL
NVDA,241121,72134,144.68,100,SELL
NVDA,241121,72136,144.67,100,SELL
NVDA,241121,72136,144.67,100,SELL
NVDA,241121,72146,144.66,250,SELL
NVDA,241121,72148,144.67,250,BUY
TSLA,241121,72158,342.14,347,BUY
NVDA,241121,72159,144.59,100,SELL
NVDA,241121,72159,144.59,145,SELL
NVDA,241121,72200,144.6,250,BUY
NVDA,241121,72203,144.64,193,BUY
NVDA,241121,72205,144.6,455,SELL
NVDA,241121,72207,144.55,100,SELL
NVDA,241121,72207,144.56,150,SELL
NVDA,241121,72210,144.56,100,SELL
NVDA,241121,72216,144.53,100,SELL
NVDA,241121,72216,144.54,250,BUY
NVDA,241121,72217,144.55,250,BUY
NVDA,241121,72229,144.51,200,SELL
NVDA,241121,72232,144.51,111,SELL
NVDA,241121,72235,144.51,111,SELL
NVDA,241121,72239,144.52,180,BUY
NVDA,241121,72239,144.51,250,SELL
NVDA,241121,72241,144.54,192,BUY
NVDA,241121,72247,144.55,250,BUY
NVDA,241121,72247,144.57,192,SELL
NVDA,241121,72309,144.59,250,BUY
NVDA,241121,72314,144.62,200,SELL
NVDA,241121,72315,144.62,100,SELL
NVDA,241121,72315,144.62,100,SELL
NVDA,241121,72315,144.62,100,SELL
NVDA,241121,72315,144.61,100,SELL
NVDA,241121,72316,144.63,100,SELL
NVDA,241121,72322,144.61,100,SELL
NVDA,241121,72322,144.62,150,BUY
NVDA,241121,72322,144.62,100,SELL
NVDA,241121,72344,144.65,100,SELL
NVDA,241121,72348,144.66,250,BUY
NVDA,241121,72356,144.67,250,BUY
NVDA,241121,72402,144.65,100,SELL
NVDA,241121,72402,144.65,136,SELL
NVDA,241121,72405,144.62,100,SELL
NVDA,241121,72405,144.62,100,SELL
NVDA,241121,72405,144.63,189,BUY
NVDA,241121,72413,144.65,151,BUY
NVDA,241121,72415,144.67,100,SELL
NVDA,241121,72422,144.69,100,SELL
NVDA,241121,72450,144.66,100,SELL
TSLA,241121,72512,341.97,100,SELL
TSLA,241121,72512,341.97,100,SELL
TSLA,241121,72534,341.97,195,SELL
NVDA,241121,72547,144.75,100,SELL
NVDA,241121,72600,144.85,100,SELL
NVDA,241121,72712,144.88,154,BUY
NVDA,241121,72732,144.8,277,SELL
NVDA,241121,72733,144.85,100,SELL
NVDA,241121,72735,144.85,221,SELL
NVDA,241121,72745,144.78,200,SELL
NVDA,241121,72745,144.81,200,BUY
NVDA,241121,72745,144.82,500,BUY
NVDA,241121,72745,144.82,172,SELL
NVDA,241121,72748,144.74,100,SELL
NVDA,241121,72753,144.75,100,SELL
NVDA,241121,72759,144.82,200,SELL
NVDA,241121,72809,144.85,100,SELL
NVDA,241121,72812,144.84,100,SELL
TSLA,241121,72819,341.9,150,SELL
NVDA,241121,72820,144.85,100,SELL
NVDA,241121,72820,144.85,200,SELL
NVDA,241121,72824,144.86,100,SELL
NVDA,241121,72832,144.81,100,SELL
NVDA,241121,72832,144.81,100,SELL
NVDA,241121,72832,144.81,100,SELL
NVDA,241121,72832,144.78,100,SELL
NVDA,241121,72832,144.78,100,SELL
NVDA,241121,72832,144.78,100,SELL
NVDA,241121,72832,144.79,100,SELL
NVDA,241121,72832,144.79,100,SELL
NVDA,241121,72832,144.8,300,BUY
NVDA,241121,72832,144.8,100,SELL
NVDA,241121,72832,144.8,200,SELL
NVDA,241121,72832,144.8,100,SELL
NVDA,241121,72832,144.8,100,SELL
NVDA,241121,72832,144.8,200,SELL
NVDA,241121,72832,144.8,100,SELL
NVDA,241121,72832,144.8,300,SELL
NVDA,241121,72832,144.8,250,SELL
NVDA,241121,72832,144.8,100,SELL
NVDA,241121,72832,144.8,200,SELL
NVDA,241121,72832,144.8,100,SELL
NVDA,241121,72832,144.8,300,SELL
NVDA,241121,72832,144.8,200,SELL
NVDA,241121,72832,144.8,100,SELL
NVDA,241121,72832,144.8,100,SELL
NVDA,241121,72833,144.8,100,SELL
NVDA,241121,72840,144.74,100,SELL
NVDA,241121,72840,144.74,100,SELL
NVDA,241121,72841,144.73,250,SELL
NVDA,241121,72842,144.73,100,SELL
NVDA,241121,72842,144.73,111,SELL
NVDA,241121,72854,144.77,100,SELL
NVDA,241121,72854,144.77,100,SELL
NVDA,241121,72854,144.77,100,SELL
NVDA,241121,72859,144.76,100,SELL
NVDA,241121,72956,144.66,200,SELL
NVDA,241121,73000,144.7,100,SELL
NVDA,241121,73014,144.72,100,SELL
NVDA,241121,73014,144.72,100,SELL
NVDA,241121,73014,144.72,100,SELL
NVDA,241121,73018,144.76,194,BUY
NVDA,241121,73018,144.76,100,SELL
NVDA,241121,73042,144.76,100,SELL
NVDA,241121,73052,144.67,100,SELL
NVDA,241121,73052,144.66,100,SELL
NVDA,241121,73052,144.59,200,SELL
NVDA,241121,73052,144.59,200,SELL
NVDA,241121,73058,144.59,100,SELL
NVDA,241121,73058,144.6,100,SELL
NVDA,241121,73058,144.6,100,SELL
NVDA,241121,73058,144.62,200,BUY
NVDA,241121,73058,144.61,100,SELL
NVDA,241121,73058,144.61,100,SELL
NVDA,241121,73058,144.57,100,SELL
NVDA,241121,73059,144.57,100,SELL
NVDA,241121,73059,144.58,100,SELL
NVDA,241121,73101,144.58,196,SELL
NVDA,241121,73102,144.58,250,SELL
NVDA,241121,73103,144.48,250,SELL
TSLA,241121,73104,342.2,100,SELL
NVDA,241121,73105,144.49,100,SELL
NVDA,241121,73105,144.5,100,SELL
NVDA,241121,73105,144.51,250,BUY
NVDA,241121,73106,144.65,250,BUY
NVDA,241121,73109,144.63,250,SELL
NVDA,241121,73111,144.65,100,SELL
NVDA,241121,73112,144.67,241,BUY
NVDA,241121,73115,144.66,100,SELL
NVDA,241121,73115,144.67,100,SELL
NVDA,241121,73117,144.63,100,SELL
NVDA,241121,73117,144.67,100,SELL
NVDA,241121,73117,144.68,134,BUY
NVDA,241121,73117,144.7,250,BUY
NVDA,241121,73117,144.74,250,BUY
NVDA,241121,73122,144.73,250,SELL
NVDA,241121,73128,144.74,100,SELL
NVDA,241121,73128,144.74,150,SELL
NVDA,241121,73129,144.75,200,BUY
NVDA,241121,73132,144.77,100,SELL
NVDA,241121,73132,144.77,100,SELL
NVDA,241121,73136,144.7,200,SELL
TSLA,241121,73136,342.15,200,SELL
NVDA,241121,73143,144.67,100,SELL
NVDA,241121,73143,144.65,400,SELL
NVDA,241121,73145,144.66,100,SELL
NVDA,241121,73145,144.67,100,SELL
NVDA,241121,73146,144.68,100,SELL
NVDA,241121,73146,144.68,100,SELL
NVDA,241121,73153,144.69,250,BUY
NVDA,241121,73156,144.69,250,SELL
NVDA,241121,73205,144.67,100,SELL
NVDA,241121,73205,144.67,100,SELL
NVDA,241121,73206,144.69,100,SELL
NVDA,241121,73206,144.69,100,SELL
NVDA,241121,73207,144.7,250,BUY
NVDA,241121,73209,144.64,700,SELL
NVDA,241121,73209,144.6,400,SELL
NVDA,241121,73213,144.5,250,SELL
NVDA,241121,73219,144.48,100,SELL
NVDA,241121,73219,144.47,100,SELL
NVDA,241121,73220,144.46,100,SELL
NVDA,241121,73220,144.46,100,SELL
NVDA,241121,73222,144.46,250,SELL
NVDA,241121,73222,144.5,250,BUY
NVDA,241121,73234,144.46,100,SELL
NVDA,241121,73234,144.46,100,SELL
NVDA,241121,73234,144.5,250,BUY
NVDA,241121,73240,144.46,100,SELL
NVDA,241121,73242,144.45,206,SELL
NVDA,241121,73247,144.41,165,SELL
NVDA,241121,73247,144.45,100,SELL
NVDA,241121,73247,144.45,100,SELL
NVDA,241121,73247,144.46,132,SELL
NVDA,241121,73247,144.46,100,SELL
NVDA,241121,73252,144.35,100,SELL
NVDA,241121,73252,144.35,180,SELL
NVDA,241121,73257,144.42,100,SELL
NVDA,241121,73324,144.48,100,SELL
NVDA,241121,73324,144.48,100,SELL
NVDA,241121,73324,144.48,100,SELL
NVDA,241121,73332,144.54,100,SELL
NVDA,241121,73400,144.38,100,SELL
NVDA,241121,73400,144.39,100,SELL
NVDA,241121,73400,144.39,100,SELL
NVDA,241121,73400,144.4,167,BUY
NVDA,241121,73400,144.4,100,SELL
NVDA,241121,73400,144.4,100,SELL
NVDA,241121,73400,144.4,100,SELL
NVDA,241121,73400,144.41,167,BUY
NVDA,241121,73400,144.41,100,SELL
NVDA,241121,73400,144.41,100,SELL
NVDA,241121,73401,144.42,100,SELL
NVDA,241121,73401,144.41,100,SELL
NVDA,241121,73431,144.49,115,BUY
NVDA,241121,73438,144.49,200,SELL
NVDA,241121,73438,144.48,100,SELL
NVDA,241121,73438,144.48,100,SELL
NVDA,241121,73438,144.48,100,SELL
NVDA,241121,73438,144.48,100,SELL
NVDA,241121,73438,144.46,100,SELL
AAPL,241121,73447,229.73,100,SELL
AAPL,241121,73447,229.73,100,SELL
NVDA,241121,73518,144.49,350,BUY
NVDA,241121,73547,144.55,100,SELL
NVDA,241121,73548,144.55,100,SELL
AAPL,241121,73555,229.73,100,SELL
AAPL,241121,73555,229.73,100,SELL
AAPL,241121,73555,229.73,100,SELL
AAPL,241121,73555,229.73,100,SELL
NVDA,241121,73555,144.56,115,SELL
NVDA,241121,73558,144.58,100,SELL
NVDA,241121,73620,144.59,100,SELL
NVDA,241121,73647,144.58,100,SELL
NVDA,241121,73649,144.43,126,SELL
NVDA,241121,73722,144.4,100,SELL
NVDA,241121,73723,144.38,100,SELL
NVDA,241121,73732,144.37,189,SELL
NVDA,241121,73747,144.37,100,SELL
NVDA,241121,73804,144.38,304,BUY
NVDA,241121,73825,144.33,100,SELL
NVDA,241121,73825,144.33,100,SELL
NVDA,241121,73825,144.34,100,SELL
NVDA,241121,73825,144.35,150,SELL
NVDA,241121,73826,144.34,100,SELL
NVDA,241121,73851,144.35,150,BUY
TSLA,241121,73901,341.5,100,SELL
NVDA,241121,73903,144.28,143,SELL
NVDA,241121,73909,144.3,106,SELL
NVDA,241121,73909,144.31,100,SELL
NVDA,241121,73909,144.31,345,SELL
NVDA,241121,73946,144.42,100,SELL
NVDA,241121,73955,144.53,105,SELL
NVDA,241121,73959,144.53,182,SELL
NVDA,241121,74001,144.55,100,SELL
NVDA,241121,74004,144.54,146,SELL
NVDA,241121,74004,144.54,100,SELL
NVDA,241121,74004,144.54,100,SELL
NVDA,241121,74004,144.6,100,SELL
NVDA,241121,74004,144.6,100,SELL
NVDA,241121,74004,144.6,100,SELL
NVDA,241121,74004,144.6,100,SELL
NVDA,241121,74011,144.8,300,BUY
NVDA,241121,74014,144.78,100,SELL
NVDA,241121,74018,144.78,100,SELL
NVDA,241121,74018,144.79,100,SELL
NVDA,241121,74018,144.79,100,SELL
NVDA,241121,74018,144.8,800,BUY
NVDA,241121,74018,144.8,300,SELL
NVDA,241121,74018,144.8,1257,SELL
NVDA,241121,74018,144.8,300,SELL
NVDA,241121,74018,144.8,100,SELL
NVDA,241121,74018,144.8,100,SELL
NVDA,241121,74018,144.8,200,SELL
NVDA,241121,74019,144.78,108,SELL
NVDA,241121,74019,144.8,300,BUY
NVDA,241121,74019,144.8,300,SELL
NVDA,241121,74019,144.8,300,SELL
NVDA,241121,74019,144.8,300,SELL
NVDA,241121,74019,144.8,1900,SELL
NVDA,241121,74021,144.8,140,SELL
NVDA,241121,74029,144.79,100,SELL
NVDA,241121,74029,144.8,119,SELL
NVDA,241121,74042,144.82,100,SELL
NVDA,241121,74113,144.82,200,SELL
NVDA,241121,74114,144.87,100,SELL
NVDA,241121,74122,144.88,131,BUY
NVDA,241121,74123,144.88,100,SELL
NVDA,241121,74124,144.89,107,SELL
NVDA,241121,74143,144.89,125,SELL
NVDA,241121,74207,144.79,100,SELL
NVDA,241121,74207,144.79,100,SELL
NVDA,241121,74207,144.79,100,SELL
NVDA,241121,74207,144.79,100,SELL
NVDA,241121,74209,144.79,100,SELL
TSLA,241121,74221,342.16,100,SELL
TSLA,241121,74221,342.16,100,SELL
NVDA,241121,74230,144.84,100,SELL
NVDA,241121,74239,144.85,100,SELL
NVDA,241121,74239,144.86,1000,BUY
NVDA,241121,74322,144.89,200,SELL
NVDA,241121,74322,144.88,180,SELL
NVDA,241121,74417,144.88,135,SELL
NVDA,241121,74431,144.9,100,SELL
NVDA,241121,74431,144.94,900,BUY
NVDA,241121,74431,144.94,100,SELL
NVDA,241121,74432,144.95,518,BUY
NVDA,241121,74432,144.95,500,SELL
NVDA,241121,74433,144.95,179,SELL
NVDA,241121,74433,144.95,250,SELL
NVDA,241121,74433,144.95,250,SELL
NVDA,241121,74433,144.95,250,SELL
NVDA,241121,74433,144.95,250,SELL
NVDA,241121,74433,144.95,250,SELL
NVDA,241121,74433,144.95,178,SELL
NVDA,241121,74433,144.95,499,SELL
NVDA,241121,74436,144.98,200,SELL
NVDA,241121,74437,144.97,100,SELL
NVDA,241121,74437,144.98,209,SELL
NVDA,241121,74438,144.98,167,SELL
NVDA,241121,74438,144.98,100,SELL
TSLA,241121,74441,342.1,100,SELL
NVDA,241121,74447,144.95,350,SELL
NVDA,241121,74447,144.94,100,SELL
NVDA,241121,74447,144.97,100,SELL
NVDA,241121,74453,144.95,100,SELL
NVDA,241121,74453,144.95,100,SELL
NVDA,241121,74456,144.95,100,SELL
NVDA,241121,74459,144.95,100,SELL
NVDA,241121,74503,144.91,500,SELL
NVDA,241121,74517,144.76,100,SELL
NVDA,241121,74517,144.76,100,SELL
NVDA,241121,74519,144.74,139,SELL
NVDA,241121,74519,144.7,300,SELL
TSLA,241121,74523,342.05,386,SELL
NVDA,241121,74524,144.74,100,SELL
NVDA,241121,74524,144.76,100,SELL
NVDA,241121,74524,144.76,100,SELL
NVDA,241121,74524,144.77,100,SELL
NVDA,241121,74538,144.82,100,SELL
NVDA,241121,74550,144.79,107,SELL
NVDA,241121,74551,144.77,100,SELL
NVDA,241121,74605,144.75,100,SELL
NVDA,241121,74612,144.75,111,SELL
NVDA,241121,74624,144.7,104,SELL
NVDA,241121,74624,144.7,250,SELL
TSLA,241121,74626,341.8,216,SELL
NVDA,241121,74631,144.75,1000,BUY
NVDA,241121,74634,144.75,100,SELL
NVDA,241121,74634,144.75,100,SELL
TSLA,241121,74700,341.8,100,SELL
NVDA,241121,74701,144.68,100,SELL
NVDA,241121,74701,144.68,150,SELL
TSLA,241121,74701,341.75,300,SELL
NVDA,241121,74718,144.65,150,SELL
NVDA,241121,74718,144.65,100,SELL
NVDA,241121,74718,144.67,163,BUY
NVDA,241121,74740,144.6,100,SELL
NVDA,241121,74743,144.55,100,SELL
NVDA,241121,74743,144.55,250,SELL
NVDA,241121,74818,144.45,100,SELL
NVDA,241121,74825,144.44,100,SELL
NVDA,241121,74825,144.44,100,SELL
NVDA,241121,74828,144.45,200,BUY
NVDA,241121,74913,144.53,100,SELL
NVDA,241121,74920,144.53,200,SELL
NVDA,241121,74925,144.55,100,SELL
NVDA,241121,74925,144.55,100,SELL
NVDA,241121,74939,144.575,100,SELL
NVDA,241121,74939,144.575,100,SELL
NVDA,241121,74939,144.575,100,SELL
NVDA,241121,74939,144.575,100,SELL
NVDA,241121,74939,144.575,100,SELL
NVDA,241121,74939,144.58,100,SELL
NVDA,241121,74939,144.58,100,SELL
NVDA,241121,74939,144.58,100,SELL
NVDA,241121,74939,144.59,100,SELL
NVDA,241121,74939,144.59,100,SELL
NVDA,241121,74957,144.69,100,SELL
NVDA,241121,74957,144.69,100,SELL
NVDA,241121,74957,144.69,100,SELL
NVDA,241121,74957,144.69,100,SELL
NVDA,241121,74957,144.7,400,BUY
NVDA,241121,74957,144.7,100,SELL
NVDA,241121,74957,144.7,100,SELL
NVDA,241121,75008,144.71,150,SELL
NVDA,241121,75020,144.65,490,SELL
NVDA,241121,75047,144.63,111,SELL
NVDA,241121,75053,144.64,100,SELL
NVDA,241121,75053,144.64,100,SELL
AAPL,241121,75113,229.35,100,SELL
AAPL,241121,75113,229.35,682,SELL
AAPL,241121,75113,229.35,100,SELL
AAPL,241121,75113,229.35,100,SELL
AAPL,241121,75113,229.35,100,SELL
NVDA,241121,75113,144.68,100,SELL
NVDA,241121,75113,144.68,100,SELL
NVDA,241121,75122,144.7,110,BUY
NVDA,241121,75211,144.58,100,SELL
NVDA,241121,75211,144.58,100,SELL
NVDA,241121,75211,144.58,100,SELL
NVDA,241121,75211,144.58,100,SELL
NVDA,241121,75211,144.59,100,SELL
NVDA,241121,75235,144.62,100,SELL
NVDA,241121,75239,144.56,1973,SELL
AAPL,241121,75241,229.3,100,SELL
AAPL,241121,75247,229.3,100,SELL
AAPL,241121,75247,229.3,600,SELL
NVDA,241121,75309,144.57,100,SELL
TSLA,241121,75320,341.6,200,SELL
NVDA,241121,75343,144.6,248,SELL
NVDA,241121,75343,144.6,2400,SELL
NVDA,241121,75343,144.6,400,SELL
NVDA,241121,75343,144.6,2800,SELL
NVDA,241121,75404,144.69,100,SELL
NVDA,241121,75455,144.63,100,SELL
NVDA,241121,75537,144.6,100,SELL
NVDA,241121,75545,144.62,100,SELL
NVDA,241121,75632,144.62,100,SELL
NVDA,241121,75632,144.62,100,SELL
NVDA,241121,75632,144.62,100,SELL
NVDA,241121,75719,144.65,250,BUY
NVDA,241121,75719,144.65,100,SELL
NVDA,241121,75719,144.65,100,SELL
NVDA,241121,75719,144.65,100,SELL
NVDA,241121,75719,144.65,100,SELL
NVDA,241121,75738,144.6,246,SELL
NVDA,241121,75743,144.55,100,SELL
NVDA,241121,75743,144.55,100,SELL
NVDA,241121,75743,144.55,100,SELL
NVDA,241121,75743,144.55,100,SELL
NVDA,241121,75744,144.55,100,SELL
NVDA,241121,75744,144.55,100,SELL
NVDA,241121,75744,144.55,100,SELL
NVDA,241121,75748,144.55,199,SELL
NVDA,241121,75751,144.52,165,SELL
NVDA,241121,75803,144.55,100,SELL
NVDA,241121,75803,144.55,200,SELL
NVDA,241121,75829,144.55,150,SELL
NVDA,241121,75848,144.53,226,SELL
NVDA,241121,75853,144.53,100,SELL
NVDA,241121,75902,144.5,110,SELL
NVDA,241121,75928,144.43,100,SELL
NVDA,241121,75928,144.43,100,SELL
NVDA,241121,75928,144.43,100,SELL
NVDA,241121,75928,144.43,100,SELL
NVDA,241121,75928,144.42,100,SELL
NVDA,241121,75928,144.42,100,SELL
NVDA,241121,75928,144.42,100,SELL
NVDA,241121,75928,144.42,100,SELL
NVDA,241121,75928,144.42,100,SELL
TSLA,241121,80006,341.55,500,SELL
NVDA,241121,80009,144.35,169,SELL
NVDA,241121,80009,144.35,249,SELL
NVDA,241121,80019,144.32,100,SELL
NVDA,241121,80025,144.26,354,SELL
NVDA,241121,80025,144.25,100,SELL
NVDA,241121,80026,144.25,200,SELL
NVDA,241121,80027,144.26,100,SELL
NVDA,241121,80027,144.26,100,SELL
NVDA,241121,80027,144.26,100,SELL
NVDA,241121,80027,144.26,100,SELL
NVDA,241121,80035,144.34,100,SELL
NVDA,241121,80035,144.35,100,SELL
NVDA,241121,80035,144.35,100,SELL
NVDA,241121,80035,144.35,200,SELL
NVDA,241121,80035,144.35,200,SELL
NVDA,241121,80035,144.35,184,SELL
NVDA,241121,80038,144.39,100,SELL
NVDA,241121,80050,144.38,100,SELL
NVDA,241121,80054,144.38,100,SELL
NVDA,241121,80054,144.38,141,SELL
NVDA,241121,80054,144.38,192,SELL
NVDA,241121,80055,144.42,250,BUY
NVDA,241121,80056,144.43,100,SELL
NVDA,241121,80056,144.43,100,SELL
NVDA,241121,80104,144.45,100,SELL
NVDA,241121,80113,144.43,150,SELL
NVDA,241121,80128,144.38,100,SELL
NVDA,241121,80128,144.5,100,SELL
NVDA,241121,80128,144.57,100,SELL
NVDA,241121,80128,144.52,207,SELL
NVDA,241121,80133,144.51,100,SELL
NVDA,241121,80133,144.51,100,SELL
NVDA,241121,80133,144.52,653,BUY
NVDA,241121,80151,144.44,100,SELL
NVDA,241121,80151,144.44,100,SELL
NVDA,241121,80202,144.45,400,BUY
NVDA,241121,80202,144.5,100,SELL
NVDA,241121,80202,144.5,100,SELL
NVDA,241121,80202,144.5,100,SELL
NVDA,241121,80202,144.5,100,SELL
NVDA,241121,80210,144.56,100,SELL
NVDA,241121,80210,144.55,100,SELL
NVDA,241121,80210,144.55,100,SELL
NVDA,241121,80210,144.55,100,SELL
NVDA,241121,80210,144.4,100,SELL
NVDA,241121,80212,144.39,250,SELL
NVDA,241121,80212,144.39,100,SELL
NVDA,241121,80212,144.39,100,SELL
NVDA,241121,80212,144.39,100,SELL
NVDA,241121,80215,144.39,100,SELL
NVDA,241121,80215,144.4,100,SELL
NVDA,241121,80215,144.4,100,SELL
NVDA,241121,80215,144.4,103,SELL
NVDA,241121,80216,144.38,100,SELL
NVDA,241121,80216,144.36,100,SELL
NVDA,241121,80216,144.36,100,SELL
NVDA,241121,80216,144.31,100,SELL
NVDA,241121,80217,144.3,100,SELL
NVDA,241121,80217,144.3,100,SELL
NVDA,241121,80248,144.36,100,SELL
NVDA,241121,80248,144.33,159,SELL
NVDA,241121,80252,144.4,139,BUY
NVDA,241121,80252,144.47,100,SELL
NVDA,241121,80252,144.5,112,SELL
NVDA,241121,80317,144.6,250,BUY
NVDA,241121,80324,144.6,353,SELL
NVDA,241121,80339,144.49,250,SELL
NVDA,241121,80343,144.63,100,SELL
NVDA,241121,80343,144.63,100,SELL
NVDA,241121,80343,144.67,185,SELL
NVDA,241121,80344,144.68,250,BUY
NVDA,241121,80344,144.7,500,BUY
NVDA,241121,80344,144.7,222,SELL
NVDA,241121,80344,144.79,339,BUY
NVDA,241121,80344,144.79,661,SELL
NVDA,241121,80344,144.79,100,SELL
NVDA,241121,80345,144.77,100,SELL
NVDA,241121,80345,144.78,250,SELL
NVDA,241121,80348,144.78,100,SELL
NVDA,241121,80348,144.79,200,BUY
NVDA,241121,80354,144.72,200,SELL
NVDA,241121,80356,144.75,120,SELL
NVDA,241121,80356,144.8,150,SELL
NVDA,241121,80414,144.75,126,SELL
NVDA,241121,80426,144.7,1000,SELL
TSLA,241121,80430,341.87,100,SELL
NVDA,241121,80449,144.74,114,SELL
NVDA,241121,80457,144.75,109,SELL
NVDA,241121,80502,144.75,250,SELL
NVDA,241121,80525,144.65,100,SELL
NVDA,241121,80536,144.7,214,BUY
NVDA,241121,80544,144.74,137,SELL
NVDA,241121,80552,144.75,283,BUY
NVDA,241121,80552,144.77,200,BUY
NVDA,241121,80552,144.82,200,SELL
NVDA,241121,80617,144.7,217,SELL
NVDA,241121,80617,144.7,217,SELL
NVDA,241121,80617,144.7,500,SELL
NVDA,241121,80617,144.7,191,SELL
TSLA,241121,80634,341.25,100,SELL
TSLA,241121,80634,341.15,270,SELL
TSLA,241121,80637,341.15,180,SELL
TSLA,241121,80637,341.01,100,SELL
TSLA,241121,80638,341.01,143,SELL
NVDA,241121,80640,144.75,100,SELL
NVDA,241121,80700,144.82,100,SELL
NVDA,241121,80708,144.75,200,SELL
NVDA,241121,80708,144.77,250,BUY
NVDA,241121,80708,144.77,100,SELL
TSLA,241121,80713,341.25,132,SELL
NVDA,241121,80715,144.79,250,BUY
NVDA,241121,80726,144.78,217,SELL
NVDA,241121,80728,144.78,119,SELL
NVDA,241121,80736,144.8,100,SELL
NVDA,241121,80736,144.8,150,SELL
NVDA,241121,80742,144.86,100,SELL
NVDA,241121,80742,144.86,100,SELL
NVDA,241121,80742,144.86,100,SELL
NVDA,241121,80742,144.87,100,SELL
NVDA,241121,80742,144.87,100,SELL
NVDA,241121,80746,144.88,250,BUY
NVDA,241121,80751,144.87,134,SELL
TSLA,241121,80800,341.5,200,BUY
NVDA,241121,80805,144.85,100,SELL
TSLA,241121,80806,341.43,125,SELL
NVDA,241121,80821,144.82,100,SELL
NVDA,241121,80831,144.78,100,SELL
NVDA,241121,80831,144.79,150,BUY
NVDA,241121,80831,144.79,100,SELL
NVDA,241121,80836,144.82,225,BUY
NVDA,241121,80906,144.81,162,SELL
NVDA,241121,80909,144.75,100,SELL
NVDA,241121,80936,144.79,100,SELL
NVDA,241121,80944,144.87,100,SELL
NVDA,241121,81010,144.79,123,SELL
NVDA,241121,81010,144.85,100,SELL
NVDA,241121,81018,144.88,300,BUY
NVDA,241121,81018,144.88,300,SELL
TSLA,241121,81023,341.19,156,SELL
NVDA,241121,81040,144.88,252,SELL
NVDA,241121,81040,144.88,300,SELL
NVDA,241121,81040,144.88,2800,SELL
NVDA,241121,81040,144.88,200,SELL
NVDA,241121,81040,144.89,100,SELL
NVDA,241121,81110,144.85,387,SELL
NVDA,241121,81110,144.85,137,SELL
NVDA,241121,81110,144.85,200,SELL
NVDA,241121,81128,144.81,100,SELL
NVDA,241121,81128,144.85,100,SELL
NVDA,241121,81128,144.85,100,SELL
NVDA,241121,81158,144.87,100,SELL
NVDA,241121,81158,144.87,100,SELL
NVDA,241121,81217,144.85,250,SELL
NVDA,241121,81217,144.85,100,SELL
NVDA,241121,81217,144.85,100,SELL
NVDA,241121,81217,144.87,100,SELL
NVDA,241121,81221,144.88,220,BUY
NVDA,241121,81232,144.86,132,SELL
NVDA,241121,81240,145.0,100,SELL
NVDA,241121,81240,145.0,300,SELL
NVDA,241121,81240,145.0,100,SELL
NVDA,241121,81240,145.0,500,SELL
NVDA,241121,81240,145.0,500,SELL
NVDA,241121,81240,145.0,300,SELL
NVDA,241121,81240,145.0,100,SELL
NVDA,241121,81240,145.0,149,SELL
NVDA,241121,81240,145.0,300,SELL
NVDA,241121,81240,145.0,800,SELL
NVDA,241121,81240,145.0,300,SELL
NVDA,241121,81240,145.0,2070,SELL
NVDA,241121,81240,145.09,227,SELL
NVDA,241121,81240,145.17,100,SELL
NVDA,241121,81240,145.21,100,SELL
NVDA,241121,81240,145.19,100,SELL
NVDA,241121,81240,145.21,134,BUY
NVDA,241121,81244,145.14,176,SELL
NVDA,241121,81244,145.15,2376,BUY
NVDA,241121,81245,145.14,100,SELL
NVDA,241121,81245,145.14,100,SELL
NVDA,241121,81246,145.17,100,SELL
NVDA,241121,81247,145.14,250,SELL
NVDA,241121,81249,145.12,100,SELL
NVDA,241121,81249,145.12,100,SELL
NVDA,241121,81249,145.12,100,SELL
NVDA,241121,81249,145.12,100,SELL
NVDA,241121,81249,145.11,100,SELL
NVDA,241121,81249,145.1,100,SELL
NVDA,241121,81249,145.09,100,SELL
NVDA,241121,81249,145.09,100,SELL
NVDA,241121,81249,145.09,100,SELL
NVDA,241121,81253,145.12,208,BUY
NVDA,241121,81255,145.15,150,BUY
NVDA,241121,81255,145.15,100,SELL
NVDA,241121,81256,145.16,233,BUY
NVDA,241121,81256,145.16,100,SELL
NVDA,241121,81256,145.16,100,SELL
NVDA,241121,81257,145.2,162,BUY
NVDA,241121,81257,145.25,200,BUY
NVDA,241121,81258,145.25,300,SELL
NVDA,241121,81258,145.25,200,SELL
NVDA,241121,81258,145.26,250,BUY
NVDA,241121,81300,145.28,250,BUY
NVDA,241121,81300,145.3,100,SELL
NVDA,241121,81300,145.3,100,SELL
NVDA,241121,81304,145.37,123,SELL
NVDA,241121,81304,145.39,136,SELL
NVDA,241121,81304,145.39,114,SELL
NVDA,241121,81304,145.4,250,BUY
NVDA,241121,81305,145.4,250,SELL
NVDA,241121,81307,145.41,250,BUY
NVDA,241121,81309,145.5,566,BUY
NVDA,241121,81310,145.5,300,SELL
NVDA,241121,81310,145.5,250,SELL
NVDA,241121,81311,145.49,100,SELL
NVDA,241121,81311,145.5,300,SELL
NVDA,241121,81311,145.5,100,SELL
NVDA,241121,81311,145.5,200,SELL
NVDA,241121,81311,145.5,250,SELL
NVDA,241121,81311,145.5,179,SELL
NVDA,241121,81311,145.5,100,SELL
NVDA,241121,81311,145.5,250,SELL
NVDA,241121,81312,145.5,200,SELL
NVDA,241121,81312,145.5,100,SELL
NVDA,241121,81312,145.5,2550,SELL
NVDA,241121,81312,145.51,250,SELL
NVDA,241121,81313,145.53,250,SELL
NVDA,241121,81313,145.56,100,SELL
NVDA,241121,81313,145.56,100,SELL
NVDA,241121,81313,145.64,220,BUY
NVDA,241121,81315,145.61,184,SELL
NVDA,241121,81318,145.62,100,SELL
NVDA,241121,81320,145.54,250,SELL
NVDA,241121,81321,145.54,100,SELL
NVDA,241121,81321,145.54,100,SELL
NVDA,241121,81322,145.58,250,BUY
NVDA,241121,81323,145.59,100,SELL
NVDA,241121,81326,145.55,100,SELL
NVDA,241121,81326,145.56,128,SELL
NVDA,241121,81326,145.56,122,SELL
NVDA,241121,81326,145.56,100,SELL
NVDA,241121,81326,145.56,250,SELL
NVDA,241121,81327,145.56,250,SELL
NVDA,241121,81329,145.62,100,SELL
NVDA,241121,81333,145.63,100,SELL
NVDA,241121,81333,145.63,100,SELL
NVDA,241121,81333,145.64,250,BUY
NVDA,241121,81334,145.64,200,SELL
NVDA,241121,81335,145.6,100,SELL
NVDA,241121,81335,145.6,100,SELL
NVDA,241121,81336,145.63,169,BUY
NVDA,241121,81336,145.66,100,SELL
NVDA,241121,81337,145.68,203,BUY
NVDA,241121,81339,145.69,163,BUY
NVDA,241121,81342,145.68,106,SELL
NVDA,241121,81342,145.66,100,SELL
NVDA,241121,81345,145.71,100,SELL
NVDA,241121,81403,145.74,100,SELL
NVDA,241121,81405,145.73,100,SELL
NVDA,241121,81410,145.72,100,SELL
NVDA,241121,81410,145.73,300,BUY
NVDA,241121,81410,145.73,119,SELL
NVDA,241121,81422,145.51,100,SELL
NVDA,241121,81430,145.6,200,BUY
NVDA,241121,81436,145.6,100,SELL
AAPL,241121,81437,229.28,100,SELL
NVDA,241121,81445,145.69,100,SELL
NVDA,241121,81446,145.67,120,SELL
NVDA,241121,81453,145.61,100,SELL
NVDA,241121,81453,145.61,100,SELL
NVDA,241121,81505,145.64,100,SELL
NVDA,241121,81509,145.7,280,BUY
NVDA,241121,81509,145.7,100,SELL
NVDA,241121,81509,145.7,100,SELL
NVDA,241121,81509,145.7,100,SELL
NVDA,241121,81509,145.7,100,SELL
NVDA,241121,81521,145.8,119,BUY
NVDA,241121,81525,145.8,100,SELL
NVDA,241121,81525,145.8,100,SELL
NVDA,241121,81525,145.8,109,SELL
NVDA,241121,81526,145.78,300,SELL
NVDA,241121,81526,145.78,100,SELL
NVDA,241121,81526,145.78,100,SELL
NVDA,241121,81526,145.78,100,SELL
NVDA,241121,81541,145.84,150,SELL
NVDA,241121,81541,145.87,100,SELL
NVDA,241121,81543,145.89,250,BUY
NVDA,241121,81546,145.84,110,SELL
NVDA,241121,81550,145.9,1550,BUY
NVDA,241121,81550,145.9,150,SELL
NVDA,241121,81552,145.9,500,SELL
NVDA,241121,81552,145.9,100,SELL
NVDA,241121,81552,145.9,100,SELL
NVDA,241121,81552,145.9,100,SELL
NVDA,241121,81552,145.9,100,SELL
NVDA,241121,81552,145.9,100,SELL
NVDA,241121,81552,145.88,200,SELL
NVDA,241121,81552,145.88,100,SELL
NVDA,241121,81552,145.86,100,SELL
NVDA,241121,81602,145.96,100,SELL
NVDA,241121,81603,145.97,100,SELL
NVDA,241121,81613,145.93,100,SELL
NVDA,241121,81613,145.88,200,SELL
NVDA,241121,81613,145.88,100,SELL
NVDA,241121,81613,145.88,100,SELL
NVDA,241121,81613,145.88,100,SELL
NVDA,241121,81613,145.88,100,SELL
NVDA,241121,81613,145.88,100,SELL
NVDA,241121,81613,145.89,100,SELL
NVDA,241121,81613,145.89,100,SELL
NVDA,241121,81613,145.89,100,SELL
NVDA,241121,81613,145.89,100,SELL
NVDA,241121,81613,145.92,100,SELL
NVDA,241121,81616,145.9,135,SELL
NVDA,241121,81620,145.87,100,SELL
NVDA,241121,81622,145.88,100,SELL
NVDA,241121,81640,145.95,100,SELL
NVDA,241121,81640,145.95,100,SELL
NVDA,241121,81640,145.95,100,SELL
NVDA,241121,81643,145.95,100,SELL
NVDA,241121,81645,145.99,122,BUY
NVDA,241121,81659,145.99,150,SELL
NVDA,241121,81700,145.99,100,SELL
NVDA,241121,81700,146.0,100,SELL
NVDA,241121,81700,146.0,100,SELL
NVDA,241121,81700,146.0,100,SELL
NVDA,241121,81700,146.0,100,SELL
NVDA,241121,81700,146.0,100,SELL
NVDA,241121,81700,146.0,205,SELL
NVDA,241121,81700,146.0,195,SELL
NVDA,241121,81700,146.0,100,SELL
NVDA,241121,81700,146.0,300,SELL
NVDA,241121,81700,146.0,100,SELL
NVDA,241121,81700,146.0,400,SELL
NVDA,241121,81700,146.0,2927,SELL
NVDA,241121,81700,146.0,400,SELL
NVDA,241121,81700,146.0,538,SELL
NVDA,241121,81700,146.09,169,SELL
NVDA,241121,81702,146.1,200,SELL
NVDA,241121,81705,146.1,100,SELL
NVDA,241121,81707,146.15,100,SELL
NVDA,241121,81737,146.11,100,SELL
NVDA,241121,81737,146.1,100,SELL
NVDA,241121,81737,146.1,100,SELL
NVDA,241121,81737,146.1,100,SELL
NVDA,241121,81737,146.11,100,SELL
NVDA,241121,81737,146.08,100,SELL
NVDA,241121,81737,146.09,100,SELL
NVDA,241121,81751,146.17,200,BUY
NVDA,241121,81751,146.15,100,SELL
NVDA,241121,81758,146.13,200,SELL
NVDA,241121,81800,146.12,100,SELL
NVDA,241121,81800,146.12,100,SELL
NVDA,241121,81800,146.12,100,SELL
NVDA,241121,81800,146.11,100,SELL
NVDA,241121,81800,146.11,100,SELL
NVDA,241121,81800,146.11,100,SELL
NVDA,241121,81800,146.11,100,SELL
NVDA,241121,81807,146.22,100,SELL
NVDA,241121,81812,146.26,172,BUY
NVDA,241121,81827,146.3,400,BUY
NVDA,241121,81827,146.3,100,SELL
NVDA,241121,81827,146.3,100,SELL
NVDA,241121,81827,146.3,100,SELL
NVDA,241121,81827,146.3,100,SELL
NVDA,241121,81827,146.3,100,SELL
NVDA,241121,81829,146.4,125,BUY
NVDA,241121,81829,146.4,208,SELL
NVDA,241121,81831,146.42,130,SELL
NVDA,241121,81832,146.4,105,SELL
NVDA,241121,81833,146.45,450,BUY
NVDA,241121,81837,146.44,100,SELL
NVDA,241121,81837,146.44,100,SELL
NVDA,241121,81837,146.44,100,SELL
NVDA,241121,81837,146.43,100,SELL
NVDA,241121,81837,146.43,100,SELL
NVDA,241121,81839,146.42,100,SELL
NVDA,241121,81839,146.42,100,SELL
NVDA,241121,81839,146.42,100,SELL
NVDA,241121,81839,146.42,100,SELL
NVDA,241121,81841,146.4,330,SELL
NVDA,241121,81841,146.41,100,SELL
NVDA,241121,81841,146.41,100,SELL
NVDA,241121,81841,146.42,100,SELL
NVDA,241121,81845,146.38,124,SELL
NVDA,241121,81849,146.37,150,SELL
NVDA,241121,81850,146.38,200,BUY
NVDA,241121,81857,146.3,100,SELL
NVDA,241121,81857,146.3,100,SELL
NVDA,241121,81857,146.3,100,SELL
NVDA,241121,81857,146.3,100,SELL
NVDA,241121,81857,146.3,100,SELL
NVDA,241121,81857,146.3,100,SELL
NVDA,241121,81857,146.3,100,SELL
NVDA,241121,81857,146.3,100,SELL
NVDA,241121,81857,146.3,100,SELL
NVDA,241121,81902,146.4,169,BUY
NVDA,241121,81902,146.4,494,SELL
NVDA,241121,81902,146.4,100,SELL
NVDA,241121,81903,146.4,100,SELL
NVDA,241121,81903,146.4,100,SELL
NVDA,241121,81903,146.4,100,SELL
NVDA,241121,81903,146.4,100,SELL
NVDA,241121,81909,146.43,104,BUY
NVDA,241121,81909,146.44,100,SELL
NVDA,241121,81923,146.5,197,BUY
NVDA,241121,81923,146.5,100,SELL
NVDA,241121,81923,146.5,100,SELL
NVDA,241121,81923,146.5,100,SELL
NVDA,241121,81923,146.5,200,SELL
NVDA,241121,81923,146.5,100,SELL
NVDA,241121,81923,146.5,100,SELL
NVDA,241121,81923,146.5,334,SELL
NVDA,241121,81923,146.5,100,SELL
NVDA,241121,81923,146.5,100,SELL
NVDA,241121,81923,146.5,200,SELL
NVDA,241121,81923,146.5,800,SELL
NVDA,241121,81923,146.5,129,SELL
NVDA,241121,81924,146.5,271,SELL
NVDA,241121,81924,146.5,123,SELL
NVDA,241121,81924,146.5,277,SELL
NVDA,241121,81924,146.5,200,SELL
NVDA,241121,81924,146.5,400,SELL
NVDA,241121,81924,146.5,200,SELL
NVDA,241121,81925,146.5,200,SELL
NVDA,241121,81925,146.51,100,SELL
NVDA,241121,81925,146.53,100,SELL
NVDA,241121,81934,146.6,100,SELL
NVDA,241121,81940,146.61,100,SELL
NVDA,241121,81940,146.61,100,SELL
NVDA,241121,81946,146.65,2497,BUY
NVDA,241121,81951,146.67,100,SELL
NVDA,241121,81951,146.67,100,SELL
NVDA,241121,82006,146.79,442,SELL
NVDA,241121,82010,146.77,100,SELL
NVDA,241121,82017,146.74,100,SELL
NVDA,241121,82017,146.73,100,SELL
NVDA,241121,82022,146.81,158,SELL
NVDA,241121,82022,146.81,100,SELL
NVDA,241121,82026,146.86,100,SELL
NVDA,241121,82036,146.88,100,SELL
NVDA,241121,82039,146.88,100,SELL
NVDA,241121,82039,146.88,100,SELL
NVDA,241121,82039,146.88,100,SELL
NVDA,241121,82039,146.88,100,SELL
NVDA,241121,82039,146.88,100,SELL
NVDA,241121,82042,146.81,190,SELL
NVDA,241121,82042,146.81,250,SELL
NVDA,241121,82044,146.71,223,SELL
NVDA,241121,82045,146.72,100,SELL
NVDA,241121,82045,146.68,130,SELL
NVDA,241121,82046,146.68,126,SELL
NVDA,241121,82047,146.7,500,BUY
NVDA,241121,82049,146.66,140,SELL
TSLA,241121,82052,341.0,300,SELL
TSLA,241121,82052,340.99,100,SELL
NVDA,241121,82053,146.75,100,SELL
NVDA,241121,82053,146.73,100,SELL
TSLA,241121,82055,341.0,100,SELL
NVDA,241121,82104,146.65,410,SELL
NVDA,241121,82104,146.65,100,SELL
NVDA,241121,82109,146.66,100,SELL
TSLA,241121,82109,340.86,100,SELL
TSLA,241121,82109,340.86,500,SELL
NVDA,241121,82112,146.64,100,SELL
NVDA,241121,82112,146.64,100,SELL
NVDA,241121,82112,146.66,100,SELL
NVDA,241121,82112,146.7,100,SELL
NVDA,241121,82112,146.73,100,SELL
NVDA,241121,82112,146.73,100,SELL
TSLA,241121,82112,341.01,192,SELL
TSLA,241121,82127,341.08,450,BUY
NVDA,241121,82133,146.84,100,SELL
NVDA,241121,82144,146.85,100,SELL
NVDA,241121,82147,146.85,124,SELL
NVDA,241121,82147,146.85,180,SELL
NVDA,241121,82152,146.91,250,BUY
NVDA,241121,82152,146.91,250,SELL
NVDA,241121,82152,146.91,250,SELL
NVDA,241121,82152,146.91,250,SELL
NVDA,241121,82153,146.93,100,SELL
NVDA,241121,82153,146.93,100,SELL
NVDA,241121,82153,146.93,100,SELL
NVDA,241121,82153,146.94,204,BUY
NVDA,241121,82153,146.94,100,SELL
NVDA,241121,82153,146.94,100,SELL
NVDA,241121,82153,146.94,100,SELL
NVDA,241121,82153,146.94,100,SELL
NVDA,241121,82153,146.95,675,BUY
NVDA,241121,82200,146.98,377,BUY
NVDA,241121,82200,146.98,410,SELL
NVDA,241121,82200,146.98,103,SELL
NVDA,241121,82204,146.92,100,SELL
NVDA,241121,82204,146.91,100,SELL
NVDA,241121,82207,146.96,100,SELL
NVDA,241121,82211,147.0,500,BUY
NVDA,241121,82211,147.0,100,SELL
NVDA,241121,82211,147.0,500,SELL
NVDA,241121,82211,147.0,1000,SELL
NVDA,241121,82211,147.0,1000,SELL
NVDA,241121,82211,147.0,100,SELL
NVDA,241121,82211,147.0,100,SELL
NVDA,241121,82211,147.0,100,SELL
NVDA,241121,82211,147.0,100,SELL
NVDA,241121,82212,147.0,100,SELL
NVDA,241121,82212,147.0,100,SELL
NVDA,241121,82212,147.0,100,SELL
NVDA,241121,82212,147.0,100,SELL
NVDA,241121,82212,147.0,100,SELL
NVDA,241121,82212,147.0,100,SELL
NVDA,241121,82212,147.0,100,SELL
NVDA,241121,82212,147.0,100,SELL
NVDA,241121,82212,146.99,100,SELL
NVDA,241121,82212,147.0,100,SELL
NVDA,241121,82212,147.0,100,SELL
NVDA,241121,82212,147.0,100,SELL
NVDA,241121,82212,147.0,400,SELL
NVDA,241121,82212,147.0,100,SELL
NVDA,241121,82212,147.0,100,SELL
NVDA,241121,82212,147.0,100,SELL
NVDA,241121,82212,147.0,100,SELL
NVDA,241121,82212,147.0,384,SELL
NVDA,241121,82212,147.0,100,SELL
NVDA,241121,82212,147.0,100,SELL
NVDA,241121,82212,147.0,100,SELL
AAPL,241121,82213,229.22,397,SELL
TSLA,241121,82213,341.25,100,SELL
NVDA,241121,82214,147.1,100,SELL
NVDA,241121,82219,147.16,183,BUY
NVDA,241121,82219,147.16,100,SELL
NVDA,241121,82222,147.13,100,SELL
NVDA,241121,82223,147.15,100,SELL
NVDA,241121,82223,147.16,100,SELL
NVDA,241121,82223,147.16,100,SELL
NVDA,241121,82223,147.16,100,SELL
NVDA,241121,82223,147.16,100,SELL
NVDA,241121,82223,147.16,100,SELL
NVDA,241121,82223,147.16,100,SELL
NVDA,241121,82223,147.17,130,BUY
NVDA,241121,82226,147.18,200,BUY
NVDA,241121,82227,147.18,250,SELL
NVDA,241121,82227,147.19,250,BUY
NVDA,241121,82228,147.24,250,BUY
NVDA,241121,82228,147.25,100,SELL
NVDA,241121,82228,147.25,250,SELL
NVDA,241121,82229,147.23,177,SELL
NVDA,241121,82229,147.25,100,SELL
AAPL,241121,82230,229.22,100,SELL
AAPL,241121,82230,229.22,100,SELL
AAPL,241121,82230,229.22,100,SELL
NVDA,241121,82230,147.3,100,SELL
NVDA,241121,82232,147.29,100,SELL
NVDA,241121,82232,147.3,100,SELL
NVDA,241121,82232,147.3,100,SELL
NVDA,241121,82232,147.27,100,SELL
NVDA,241121,82232,147.26,100,SELL
NVDA,241121,82232,147.26,100,SELL
NVDA,241121,82232,147.26,100,SELL
NVDA,241121,82232,147.3,100,SELL
NVDA,241121,82234,147.2,100,SELL
NVDA,241121,82234,147.2,100,SELL
NVDA,241121,82234,147.19,100,SELL
NVDA,241121,82234,147.17,300,SELL
NVDA,241121,82234,147.16,200,SELL
NVDA,241121,82234,147.15,100,SELL
NVDA,241121,82234,147.14,180,SELL
NVDA,241121,82234,147.11,100,SELL
NVDA,241121,82234,147.09,250,SELL
NVDA,241121,82235,147.1,200,BUY
NVDA,241121,82237,147.19,100,SELL
NVDA,241121,82237,147.19,100,SELL
NVDA,241121,82237,147.2,150,SELL
NVDA,241121,82239,147.12,200,SELL
NVDA,241121,82242,147.18,100,SELL
NVDA,241121,82243,147.19,104,SELL
NVDA,241121,82245,147.18,103,SELL
NVDA,241121,82250,147.21,100,SELL
NVDA,241121,82250,147.25,100,SELL
NVDA,241121,82251,147.25,100,SELL
NVDA,241121,82251,147.28,100,SELL
NVDA,241121,82251,147.28,100,SELL
NVDA,241121,82252,147.37,270,BUY
NVDA,241121,82252,147.38,100,SELL
NVDA,241121,82252,147.38,100,SELL
NVDA,241121,82252,147.38,100,SELL
NVDA,241121,82253,147.38,100,SELL
NVDA,241121,82253,147.38,100,SELL
NVDA,241121,82253,147.38,100,SELL
NVDA,241121,82253,147.39,234,BUY
NVDA,241121,82253,147.46,250,BUY
NVDA,241121,82253,147.46,600,SELL
NVDA,241121,82254,147.46,645,SELL
NVDA,241121,82254,147.46,100,SELL
NVDA,241121,82257,147.35,100,SELL
NVDA,241121,82257,147.35,100,SELL
NVDA,241121,82257,147.36,100,SELL
NVDA,241121,82257,147.36,100,SELL
NVDA,241121,82300,147.33,250,SELL
NVDA,241121,82301,147.36,200,BUY
NVDA,241121,82302,147.34,199,SELL
NVDA,241121,82302,147.34,199,SELL
NVDA,241121,82304,147.32,160,SELL
NVDA,241121,82306,147.29,100,SELL
NVDA,241121,82306,147.3,100,SELL
NVDA,241121,82306,147.3,183,SELL
NVDA,241121,82308,147.27,1000,SELL
NVDA,241121,82313,147.26,100,SELL
NVDA,241121,82313,147.25,318,SELL
NVDA,241121,82314,147.25,100,SELL
NVDA,241121,82315,147.27,100,SELL
NVDA,241121,82318,147.22,185,SELL
NVDA,241121,82318,147.21,155,SELL
NVDA,241121,82319,147.24,100,SELL
NVDA,241121,82319,147.21,100,SELL
NVDA,241121,82319,147.23,100,SELL
NVDA,241121,82319,147.21,100,SELL
NVDA,241121,82319,147.21,100,SELL
NVDA,241121,82319,147.21,100,SELL
NVDA,241121,82319,147.21,100,SELL
NVDA,241121,82323,147.22,100,SELL
NVDA,241121,82327,147.25,109,BUY
NVDA,241121,82328,147.25,100,SELL
NVDA,241121,82328,147.26,100,SELL
NVDA,241121,82328,147.26,100,SELL
NVDA,241121,82328,147.26,100,SELL
NVDA,241121,82328,147.26,100,SELL
NVDA,241121,82328,147.26,100,SELL
NVDA,241121,82328,147.27,100,SELL
NVDA,241121,82328,147.27,100,SELL
NVDA,241121,82328,147.27,100,SELL
NVDA,241121,82328,147.29,100,SELL
NVDA,241121,82333,147.39,157,BUY
NVDA,241121,82334,147.36,100,SELL
NVDA,241121,82335,147.4,100,SELL
NVDA,241121,82335,147.4,100,SELL
NVDA,241121,82337,147.46,100,SELL
NVDA,241121,82338,147.45,100,SELL
NVDA,241121,82342,147.42,100,SELL
NVDA,241121,82342,147.42,100,SELL
NVDA,241121,82342,147.42,100,SELL
NVDA,241121,82343,147.4,250,SELL
NVDA,241121,82344,147.43,250,BUY
NVDA,241121,82345,147.42,100,SELL
NVDA,241121,82345,147.43,200,BUY
NVDA,241121,82348,147.39,100,SELL
NVDA,241121,82349,147.4,100,SELL
NVDA,241121,82349,147.37,100,SELL
NVDA,241121,82349,147.37,123,SELL
NVDA,241121,82350,147.37,250,SELL
NVDA,241121,82350,147.38,100,SELL
NVDA,241121,82350,147.39,100,SELL
NVDA,241121,82350,147.37,100,SELL
NVDA,241121,82352,147.33,250,SELL
NVDA,241121,82352,147.34,144,BUY
NVDA,241121,82354,147.32,100,SELL
NVDA,241121,82354,147.32,100,SELL
NVDA,241121,82354,147.32,100,SELL
NVDA,241121,82355,147.32,104,SELL
NVDA,241121,82357,147.35,100,SELL
NVDA,241121,82357,147.38,100,SELL
NVDA,241121,82357,147.39,100,SELL
NVDA,241121,82357,147.6,199,BUY
NVDA,241121,82357,147.54,100,SELL
NVDA,241121,82357,147.54,100,SELL
NVDA,241121,82359,147.61,200,BUY
NVDA,241121,82401,147.62,100,SELL
NVDA,241121,82402,147.61,100,SELL
NVDA,241121,82402,147.61,249,SELL
NVDA,241121,82403,147.63,144,SELL
NVDA,241121,82403,147.63,200,SELL
NVDA,241121,82404,147.63,250,SELL
NVDA,241121,82405,147.66,200,SELL
NVDA,241121,82405,147.67,150,SELL
NVDA,241121,82405,147.7,100,SELL
NVDA,241121,82405,147.67,100,SELL
NVDA,241121,82405,147.67,100,SELL
NVDA,241121,82407,147.7,100,SELL
NVDA,241121,82407,147.7,100,SELL
NVDA,241121,82407,147.66,100,SELL
NVDA,241121,82410,147.62,100,SELL
NVDA,241121,82412,147.63,100,SELL
NVDA,241121,82412,147.64,250,BUY
NVDA,241121,82412,147.52,100,SELL
NVDA,241121,82412,147.5,100,SELL
NVDA,241121,82412,147.5,100,SELL
NVDA,241121,82412,147.5,2111,SELL
NVDA,241121,82412,147.5,100,SELL
NVDA,241121,82412,147.5,100,SELL
NVDA,241121,82412,147.52,250,SELL
NVDA,241121,82412,147.52,100,SELL
NVDA,241121,82412,147.52,200,SELL
NVDA,241121,82413,147.5,100,SELL
NVDA,241121,82413,147.5,100,SELL
NVDA,241121,82415,147.52,100,SELL
NVDA,241121,82415,147.5,100,SELL
NVDA,241121,82415,147.5,700,SELL
NVDA,241121,82415,147.5,100,SELL
NVDA,241121,82415,147.5,150,SELL
NVDA,241121,82415,147.5,100,SELL
NVDA,241121,82415,147.5,287,SELL
NVDA,241121,82415,147.54,481,BUY
NVDA,241121,82415,147.54,100,SELL
NVDA,241121,82416,147.525,100,SELL
NVDA,241121,82416,147.5,100,SELL
NVDA,241121,82416,147.5,1400,SELL
NVDA,241121,82416,147.5,100,SELL
NVDA,241121,82416,147.5,7659,SELL
NVDA,241121,82416,147.5,100,SELL
NVDA,241121,82416,147.5,100,SELL
NVDA,241121,82416,147.5,300,SELL
NVDA,241121,82416,147.5,100,SELL
NVDA,241121,82417,147.5,100,SELL
NVDA,241121,82417,147.5,100,SELL
NVDA,241121,82417,147.5,100,SELL
NVDA,241121,82417,147.5,100,SELL
NVDA,241121,82417,147.5,100,SELL
NVDA,241121,82417,147.5,100,SELL
NVDA,241121,82417,147.505,228,BUY
NVDA,241121,82417,147.51,228,BUY
NVDA,241121,82418,147.52,154,SELL
NVDA,241121,82419,147.5,100,SELL
NVDA,241121,82419,147.5,100,SELL
NVDA,241121,82419,147.5,100,SELL
NVDA,241121,82419,147.5,100,SELL
NVDA,241121,82419,147.5,100,SELL
NVDA,241121,82419,147.5,100,SELL
NVDA,241121,82419,147.5,100,SELL
NVDA,241121,82419,147.5,100,SELL
NVDA,241121,82419,147.5,100,SELL
NVDA,241121,82419,147.5,100,SELL
NVDA,241121,82419,147.5,100,SELL
NVDA,241121,82419,147.5,100,SELL
NVDA,241121,82419,147.5,100,SELL
NVDA,241121,82419,147.5,100,SELL
NVDA,241121,82419,147.5,100,SELL
NVDA,241121,82419,147.5,100,SELL
NVDA,241121,82419,147.5,100,SELL
NVDA,241121,82419,147.5,100,SELL
NVDA,241121,82419,147.5,100,SELL
NVDA,241121,82420,147.5,100,SELL
NVDA,241121,82420,147.5,100,SELL
NVDA,241121,82420,147.51,210,BUY
NVDA,241121,82421,147.5,100,SELL
NVDA,241121,82421,147.5,100,SELL
NVDA,241121,82421,147.5,100,SELL
NVDA,241121,82422,147.52,211,BUY
NVDA,241121,82422,147.53,100,SELL
NVDA,241121,82423,147.55,100,SELL
NVDA,241121,82423,147.56,250,BUY
NVDA,241121,82423,147.56,250,SELL
NVDA,241121,82424,147.55,100,SELL
NVDA,241121,82426,147.56,250,BUY
NVDA,241121,82427,147.6,133,SELL
NVDA,241121,82432,147.57,100,SELL
NVDA,241121,82432,147.57,100,SELL
NVDA,241121,82432,147.57,100,SELL
NVDA,241121,82434,147.5,100,SELL
NVDA,241121,82434,147.5,100,SELL
NVDA,241121,82434,147.5,100,SELL
NVDA,241121,82434,147.5,100,SELL
NVDA,241121,82434,147.5,100,SELL
NVDA,241121,82434,147.5,100,SELL
NVDA,241121,82434,147.5,100,SELL
NVDA,241121,82434,147.5,100,SELL
NVDA,241121,82434,147.5,100,SELL
NVDA,241121,82434,147.5,100,SELL
NVDA,241121,82434,147.5,100,SELL
NVDA,241121,82434,147.5,100,SELL
NVDA,241121,82434,147.5,100,SELL
NVDA,241121,82434,147.5,100,SELL
NVDA,241121,82434,147.5,100,SELL
NVDA,241121,82434,147.5,100,SELL
NVDA,241121,82434,147.5,100,SELL
NVDA,241121,82434,147.5,100,SELL
NVDA,241121,82434,147.5,100,SELL
NVDA,241121,82434,147.5,100,SELL
NVDA,241121,82434,147.5,100,SELL
NVDA,241121,82434,147.5,100,SELL
NVDA,241121,82434,147.5,100,SELL
NVDA,241121,82434,147.5,100,SELL
NVDA,241121,82434,147.5,100,SELL
NVDA,241121,82434,147.5,100,SELL
NVDA,241121,82434,147.5,300,SELL
NVDA,241121,82435,147.5,100,SELL
NVDA,241121,82435,147.5,100,SELL
NVDA,241121,82435,147.5,100,SELL
NVDA,241121,82435,147.5,100,SELL
NVDA,241121,82435,147.5,100,SELL
NVDA,241121,82435,147.5,100,SELL
NVDA,241121,82435,147.5,100,SELL
NVDA,241121,82435,147.5,100,SELL
NVDA,241121,82435,147.5,100,SELL
NVDA,241121,82435,147.5,100,SELL
NVDA,241121,82435,147.5,100,SELL
NVDA,241121,82435,147.5,100,SELL
NVDA,241121,82435,147.5,100,SELL
NVDA,241121,82436,147.5,100,SELL
NVDA,241121,82436,147.5,100,SELL
NVDA,241121,82436,147.5,100,SELL
NVDA,241121,82436,147.5,300,SELL
NVDA,241121,82436,147.5,100,SELL
NVDA,241121,82436,147.5,3175,SELL
NVDA,241121,82436,147.5,100,SELL
NVDA,241121,82436,147.5,100,SELL
NVDA,241121,82436,147.5,100,SELL
NVDA,241121,82436,147.5,100,SELL
NVDA,241121,82436,147.5,400,SELL
NVDA,241121,82436,147.5,100,SELL
NVDA,241121,82436,147.5,300,SELL
NVDA,241121,82436,147.5,100,SELL
NVDA,241121,82436,147.5,100,SELL
NVDA,241121,82437,147.5,100,SELL
NVDA,241121,82437,147.5,100,SELL
NVDA,241121,82437,147.5,100,SELL
NVDA,241121,82437,147.5,800,SELL
NVDA,241121,82437,147.5,100,SELL
NVDA,241121,82438,147.52,258,SELL
NVDA,241121,82440,147.51,126,SELL
NVDA,241121,82440,147.5,100,SELL
NVDA,241121,82440,147.5,136,SELL
NVDA,241121,82441,147.52,100,SELL
NVDA,241121,82442,147.52,100,SELL
NVDA,241121,82442,147.52,100,SELL
NVDA,241121,82442,147.5,100,SELL
NVDA,241121,82442,147.5,500,SELL
NVDA,241121,82442,147.5,100,SELL
NVDA,241121,82442,147.5,100,SELL
NVDA,241121,82442,147.5,100,SELL
NVDA,241121,82442,147.5,100,SELL
NVDA,241121,82442,147.5,435,SELL
NVDA,241121,82442,147.5,100,SELL
NVDA,241121,82442,147.5,100,SELL
NVDA,241121,82442,147.5,100,SELL
NVDA,241121,82442,147.5,100,SELL
NVDA,241121,82442,147.5,100,SELL
NVDA,241121,82442,147.5,300,SELL
NVDA,241121,82442,147.5,100,SELL
NVDA,241121,82442,147.5,100,SELL
NVDA,241121,82442,147.5,100,SELL
NVDA,241121,82442,147.5,100,SELL
NVDA,241121,82442,147.5,100,SELL
NVDA,241121,82442,147.5,100,SELL
NVDA,241121,82442,147.5,300,SELL
NVDA,241121,82442,147.5,100,SELL
NVDA,241121,82442,147.5,100,SELL
NVDA,241121,82442,147.5,300,SELL
NVDA,241121,82442,147.5,100,SELL
NVDA,241121,82442,147.5,100,SELL
NVDA,241121,82442,147.5,100,SELL
NVDA,241121,82442,147.5,100,SELL
NVDA,241121,82442,147.5,100,SELL
NVDA,241121,82442,147.5,100,SELL
NVDA,241121,82442,147.5,100,SELL
NVDA,241121,82442,147.5,100,SELL
NVDA,241121,82442,147.5,100,SELL
NVDA,241121,82442,147.5,100,SELL
NVDA,241121,82442,147.5,200,SELL
NVDA,241121,82442,147.5,100,SELL
NVDA,241121,82442,147.5,100,SELL
NVDA,241121,82442,147.5,100,SELL
NVDA,241121,82442,147.5,200,SELL
NVDA,241121,82442,147.5,100,SELL
NVDA,241121,82442,147.5,100,SELL
NVDA,241121,82442,147.5,100,SELL
NVDA,241121,82442,147.5,100,SELL
NVDA,241121,82442,147.5,100,SELL
NVDA,241121,82442,147.5,100,SELL
NVDA,241121,82442,147.5,100,SELL
NVDA,241121,82442,147.5,100,SELL
NVDA,241121,82442,147.5,100,SELL
NVDA,241121,82442,147.5,100,SELL
NVDA,241121,82442,147.5,100,SELL
NVDA,241121,82442,147.5,100,SELL
NVDA,241121,82442,147.5,100,SELL
NVDA,241121,82442,147.5,100,SELL
NVDA,241121,82442,147.5,100,SELL
NVDA,241121,82442,147.5,100,SELL
NVDA,241121,82442,147.5,100,SELL
NVDA,241121,82442,147.5,100,SELL
NVDA,241121,82442,147.5,100,SELL
NVDA,241121,82442,147.5,100,SELL
NVDA,241121,82442,147.5,100,SELL
NVDA,241121,82442,147.5,100,SELL
NVDA,241121,82442,147.5,100,SELL
NVDA,241121,82442,147.5,100,SELL
NVDA,241121,82442,147.5,100,SELL
NVDA,241121,82442,147.5,100,SELL
NVDA,241121,82442,147.5,100,SELL
NVDA,241121,82442,147.5,100,SELL
NVDA,241121,82442,147.5,100,SELL
NVDA,241121,82442,147.5,100,SELL
NVDA,241121,82442,147.5,100,SELL
NVDA,241121,82442,147.5,100,SELL
NVDA,241121,82442,147.5,100,SELL
NVDA,241121,82442,147.5,100,SELL
NVDA,241121,82442,147.5,100,SELL
NVDA,241121,82442,147.5,100,SELL
NVDA,241121,82442,147.5,100,SELL
NVDA,241121,82442,147.5,100,SELL
NVDA,241121,82442,147.5,100,SELL
NVDA,241121,82442,147.5,100,SELL
NVDA,241121,82445,147.5,100,SELL
NVDA,241121,82445,147.5,100,SELL
NVDA,241121,82445,147.5,100,SELL
NVDA,241121,82445,147.5,100,SELL
NVDA,241121,82445,147.5,100,SELL
NVDA,241121,82445,147.5,308,SELL
NVDA,241121,82445,147.5,100,SELL
NVDA,241121,82445,147.5,100,SELL
NVDA,241121,82445,147.5,100,SELL
NVDA,241121,82445,147.5,100,SELL
NVDA,241121,82445,147.5,100,SELL
NVDA,241121,82445,147.5,100,SELL
NVDA,241121,82445,147.5,100,SELL
NVDA,241121,82445,147.5,100,SELL
NVDA,241121,82445,147.5,394,SELL
NVDA,241121,82445,147.5,100,SELL
NVDA,241121,82445,147.5,100,SELL
NVDA,241121,82445,147.5,100,SELL
NVDA,241121,82445,147.5,100,SELL
NVDA,241121,82445,147.5,100,SELL
NVDA,241121,82445,147.5,100,SELL
NVDA,241121,82445,147.5,100,SELL
NVDA,241121,82445,147.5,100,SELL
NVDA,241121,82445,147.5,200,SELL
NVDA,241121,82445,147.5,100,SELL
NVDA,241121,82445,147.5,100,SELL
NVDA,241121,82445,147.5,100,SELL
NVDA,241121,82445,147.5,250,SELL
NVDA,241121,82445,147.5,100,SELL
NVDA,241121,82445,147.5,100,SELL
NVDA,241121,82445,147.5,200,SELL
NVDA,241121,82445,147.5,100,SELL
NVDA,241121,82445,147.5,100,SELL
NVDA,241121,82445,147.5,100,SELL
NVDA,241121,82445,147.5,100,SELL
NVDA,241121,82445,147.5,100,SELL
NVDA,241121,82445,147.5,100,SELL
NVDA,241121,82445,147.5,100,SELL
NVDA,241121,82445,147.5,100,SELL
NVDA,241121,82445,147.5,100,SELL
NVDA,241121,82445,147.5,100,SELL
NVDA,241121,82445,147.5,100,SELL
NVDA,241121,82445,147.5,100,SELL
NVDA,241121,82445,147.5,100,SELL
NVDA,241121,82445,147.5,100,SELL
NVDA,241121,82445,147.5,100,SELL
NVDA,241121,82445,147.5,100,SELL
NVDA,241121,82445,147.5,160,SELL
NVDA,241121,82445,147.5,100,SELL
NVDA,241121,82445,147.5,100,SELL
NVDA,241121,82445,147.5,100,SELL
NVDA,241121,82445,147.5,100,SELL
NVDA,241121,82445,147.5,100,SELL
NVDA,241121,82445,147.5,100,SELL
NVDA,241121,82445,147.5,100,SELL
NVDA,241121,82445,147.5,100,SELL
NVDA,241121,82445,147.5,100,SELL
NVDA,241121,82445,147.5,100,SELL
NVDA,241121,82445,147.5,100,SELL
NVDA,241121,82445,147.5,100,SELL
NVDA,241121,82445,147.5,100,SELL
NVDA,241121,82445,147.5,100,SELL
NVDA,241121,82445,147.5,100,SELL
NVDA,241121,82445,147.5,100,SELL
NVDA,241121,82445,147.5,100,SELL
NVDA,241121,82445,147.5,100,SELL
NVDA,241121,82445,147.5,100,SELL
NVDA,241121,82445,147.5,100,SELL
NVDA,241121,82445,147.5,100,SELL
NVDA,241121,82445,147.5,100,SELL
NVDA,241121,82445,147.5,100,SELL
NVDA,241121,82445,147.5,100,SELL
NVDA,241121,82445,147.5,100,SELL
NVDA,241121,82446,147.5,100,SELL
NVDA,241121,82447,147.5,100,SELL
NVDA,241121,82447,147.5,900,SELL
NVDA,241121,82447,147.5,100,SELL
NVDA,241121,82447,147.5,400,SELL
NVDA,241121,82448,147.5,100,SELL
NVDA,241121,82448,147.5,100,SELL
NVDA,241121,82448,147.5,100,SELL
NVDA,241121,82448,147.5,662,SELL
NVDA,241121,82448,147.5,100,SELL
NVDA,241121,82448,147.5,100,SELL
NVDA,241121,82448,147.5,400,SELL
NVDA,241121,82448,147.5,100,SELL
NVDA,241121,82448,147.5,100,SELL
NVDA,241121,82448,147.5,100,SELL
NVDA,241121,82448,147.5,100,SELL
NVDA,241121,82448,147.5,100,SELL
NVDA,241121,82448,147.5,100,SELL
NVDA,241121,82448,147.5,100,SELL
NVDA,241121,82448,147.5,100,SELL
NVDA,241121,82448,147.5,100,SELL
NVDA,241121,82448,147.5,100,SELL
NVDA,241121,82448,147.5,100,SELL
NVDA,241121,82448,147.5,100,SELL
NVDA,241121,82448,147.5,100,SELL
NVDA,241121,82448,147.5,100,SELL
NVDA,241121,82448,147.5,100,SELL
NVDA,241121,82448,147.5,100,SELL
NVDA,241121,82448,147.5,100,SELL
NVDA,241121,82448,147.5,100,SELL
NVDA,241121,82448,147.5,100,SELL
NVDA,241121,82448,147.5,200,SELL
NVDA,241121,82448,147.5,100,SELL
NVDA,241121,82448,147.5,100,SELL
NVDA,241121,82448,147.5,250,SELL
NVDA,241121,82448,147.5,100,SELL
NVDA,241121,82448,147.5,1550,SELL
NVDA,241121,82448,147.5,100,SELL
NVDA,241121,82448,147.5,100,SELL
NVDA,241121,82448,147.5,100,SELL
NVDA,241121,82448,147.5,100,SELL
NVDA,241121,82448,147.5,100,SELL
NVDA,241121,82448,147.5,100,SELL
NVDA,241121,82448,147.5,100,SELL
NVDA,241121,82448,147.5,100,SELL
NVDA,241121,82448,147.5,100,SELL
NVDA,241121,82448,147.5,100,SELL
NVDA,241121,82448,147.5,100,SELL
NVDA,241121,82448,147.5,100,SELL
NVDA,241121,82449,147.5,100,SELL
NVDA,241121,82449,147.5,400,SELL
NVDA,241121,82449,147.5,100,SELL
NVDA,241121,82449,147.5,100,SELL
NVDA,241121,82449,147.5,250,SELL
NVDA,241121,82449,147.5,100,SELL
NVDA,241121,82449,147.5,100,SELL
NVDA,241121,82449,147.5,100,SELL
NVDA,241121,82449,147.5,100,SELL
NVDA,241121,82449,147.5,100,SELL
NVDA,241121,82450,147.5,100,SELL
NVDA,241121,82450,147.5,100,SELL
NVDA,241121,82450,147.5,100,SELL
NVDA,241121,82450,147.5,100,SELL
NVDA,241121,82450,147.5,100,SELL
NVDA,241121,82450,147.5,200,SELL
NVDA,241121,82450,147.5,100,SELL
NVDA,241121,82450,147.5,100,SELL
NVDA,241121,82450,147.5,700,SELL
NVDA,241121,82450,147.5,100,SELL
NVDA,241121,82450,147.5,4400,SELL
NVDA,241121,82450,147.5,100,SELL
NVDA,241121,82450,147.5,100,SELL
NVDA,241121,82450,147.5,8800,SELL
NVDA,241121,82450,147.5,100,SELL
NVDA,241121,82450,147.5,100,SELL
NVDA,241121,82450,147.5,988,SELL
NVDA,241121,82450,147.5,100,SELL
NVDA,241121,82451,147.52,500,BUY
NVDA,241121,82451,147.52,200,SELL
NVDA,241121,82453,147.54,100,SELL
NVDA,241121,82453,147.54,100,SELL
NVDA,241121,82453,147.54,100,SELL
NVDA,241121,82453,147.53,100,SELL
NVDA,241121,82453,147.6,100,SELL
NVDA,241121,82453,147.65,100,SELL
NVDA,241121,82455,147.66,100,SELL
NVDA,241121,82455,147.69,100,SELL
NVDA,241121,82455,147.7,100,SELL
NVDA,241121,82455,147.74,100,SELL
NVDA,241121,82455,147.73,250,SELL
NVDA,241121,82456,147.75,250,BUY
NVDA,241121,82458,147.78,250,BUY
NVDA,241121,82458,147.8,100,SELL
NVDA,241121,82458,147.8,169,SELL
NVDA,241121,82500,147.83,181,SELL
NVDA,241121,82500,147.83,100,SELL
NVDA,241121,82500,147.8,142,SELL
NVDA,241121,82501,147.78,113,SELL
NVDA,241121,82505,147.75,100,SELL
NVDA,241121,82505,147.75,100,SELL
NVDA,241121,82515,147.69,100,SELL
TSLA,241121,82515,341.65,150,SELL
NVDA,241121,82521,147.75,200,BUY
NVDA,241121,82521,147.75,100,SELL
NVDA,241121,82521,147.75,100,SELL
NVDA,241121,82521,147.75,100,SELL
NVDA,241121,82521,147.78,100,SELL
NVDA,241121,82536,147.78,100,SELL
NVDA,241121,82539,147.8,100,SELL
NVDA,241121,82539,147.8,100,SELL
NVDA,241121,82540,147.84,100,SELL
NVDA,241121,82540,147.84,100,SELL
NVDA,241121,82540,147.84,100,SELL
NVDA,241121,82540,147.84,100,SELL
NVDA,241121,82542,147.83,100,SELL
NVDA,241121,82542,147.83,100,SELL
NVDA,241121,82542,147.89,700,BUY
NVDA,241121,82542,147.9,100,SELL
NVDA,241121,82542,147.95,200,SELL
NVDA,241121,82542,148.0,500,BUY
NVDA,241121,82542,148.0,300,SELL
NVDA,241121,82542,148.0,200,SELL
NVDA,241121,82542,148.0,200,SELL
NVDA,241121,82542,148.0,1350,SELL
NVDA,241121,82542,148.0,750,SELL
NVDA,241121,82542,147.99,100,SELL
NVDA,241121,82542,148.0,1550,BUY
NVDA,241121,82542,148.0,100,SELL
NVDA,241121,82542,148.0,400,SELL
NVDA,241121,82542,148.0,100,SELL
NVDA,241121,82542,148.0,100,SELL
NVDA,241121,82542,148.0,100,SELL
NVDA,241121,82542,148.0,100,SELL
NVDA,241121,82542,148.0,100,SELL
NVDA,241121,82542,148.0,122,SELL
NVDA,241121,82542,148.0,279,SELL
NVDA,241121,82542,148.0,450,SELL
NVDA,241121,82542,148.04,100,SELL
NVDA,241121,82542,148.0,500,SELL
NVDA,241121,82543,148.0,250,SELL
NVDA,241121,82543,148.0,100,SELL
NVDA,241121,82543,148.0,128,SELL
NVDA,241121,82543,148.0,100,SELL
NVDA,241121,82543,148.01,245,BUY
NVDA,241121,82543,148.0,157,SELL
NVDA,241121,82544,148.0,343,SELL
NVDA,241121,82544,148.0,157,SELL
NVDA,241121,82544,148.0,401,SELL
NVDA,241121,82545,148.01,100,SELL
NVDA,241121,82545,148.01,106,SELL
NVDA,241121,82545,148.03,190,SELL
NVDA,241121,82546,148.0,160,SELL
NVDA,241121,82546,148.0,340,SELL
NVDA,241121,82546,148.0,500,SELL
NVDA,241121,82546,148.0,100,SELL
NVDA,241121,82546,148.0,450,SELL
NVDA,241121,82546,148.0,500,SELL
NVDA,241121,82546,148.0,500,SELL
NVDA,241121,82546,148.0,200,SELL
NVDA,241121,82546,148.0,100,SELL
NVDA,241121,82546,148.0,400,SELL
NVDA,241121,82546,148.0,100,SELL
NVDA,241121,82546,148.0,500,SELL
NVDA,241121,82546,148.0,500,SELL
NVDA,241121,82546,148.0,500,SELL
NVDA,241121,82546,148.01,100,SELL
NVDA,241121,82547,148.04,105,SELL
NVDA,241121,82548,148.0,200,SELL
NVDA,241121,82548,148.0,200,SELL
NVDA,241121,82548,148.0,100,SELL
NVDA,241121,82548,148.0,100,SELL
NVDA,241121,82548,148.0,100,SELL
NVDA,241121,82548,148.0,200,SELL
NVDA,241121,82548,148.0,100,SELL
NVDA,241121,82548,148.0,200,SELL
NVDA,241121,82548,148.0,138,SELL
NVDA,241121,82548,148.0,200,SELL
NVDA,241121,82548,148.0,200,SELL
NVDA,241121,82548,148.0,100,SELL
NVDA,241121,82548,148.0,100,SELL
NVDA,241121,82548,148.0,100,SELL
NVDA,241121,82548,148.0,200,SELL
NVDA,241121,82548,148.0,200,SELL
NVDA,241121,82548,148.0,200,SELL
NVDA,241121,82548,148.0,200,SELL
NVDA,241121,82548,148.0,200,SELL
NVDA,241121,82548,148.0,100,SELL
NVDA,241121,82548,148.0,100,SELL
NVDA,241121,82548,148.0,100,SELL
NVDA,241121,82548,148.0,100,SELL
NVDA,241121,82548,148.0,100,SELL
NVDA,241121,82548,148.0,100,SELL
NVDA,241121,82548,148.0,200,SELL
NVDA,241121,82548,148.0,200,SELL
NVDA,241121,82548,148.0,198,SELL
NVDA,241121,82548,148.0,150,SELL
NVDA,241121,82548,148.0,100,SELL
NVDA,241121,82548,148.0,100,SELL
NVDA,241121,82548,148.0,100,SELL
NVDA,241121,82548,148.0,200,SELL
NVDA,241121,82548,148.0,200,SELL
NVDA,241121,82548,148.0,200,SELL
NVDA,241121,82548,148.0,200,SELL
NVDA,241121,82548,148.0,200,SELL
NVDA,241121,82548,148.0,200,SELL
NVDA,241121,82548,148.0,200,SELL
NVDA,241121,82548,148.0,200,SELL
NVDA,241121,82548,148.0,200,SELL
NVDA,241121,82548,148.0,200,SELL
NVDA,241121,82548,148.0,200,SELL
NVDA,241121,82548,148.0,200,SELL
NVDA,241121,82548,148.0,100,SELL
NVDA,241121,82548,148.0,100,SELL
NVDA,241121,82548,148.0,200,SELL
NVDA,241121,82548,148.0,200,SELL
NVDA,241121,82548,148.0,150,SELL
NVDA,241121,82548,148.0,200,SELL
NVDA,241121,82548,148.0,200,SELL
NVDA,241121,82548,148.0,200,SELL
NVDA,241121,82548,148.0,156,SELL
NVDA,241121,82548,148.0,150,SELL
NVDA,241121,82548,148.0,200,SELL
NVDA,241121,82548,148.0,200,SELL
NVDA,241121,82548,148.0,200,SELL
NVDA,241121,82548,148.0,200,SELL
NVDA,241121,82548,148.0,100,SELL
NVDA,241121,82548,148.0,100,SELL
NVDA,241121,82548,148.0,100,SELL
NVDA,241121,82548,148.0,200,SELL
NVDA,241121,82548,148.0,200,SELL
NVDA,241121,82548,148.0,200,SELL
NVDA,241121,82548,148.0,200,SELL
NVDA,241121,82548,148.0,200,SELL
NVDA,241121,82548,148.0,200,SELL
NVDA,241121,82548,148.0,200,SELL
NVDA,241121,82548,148.0,200,SELL
NVDA,241121,82548,148.0,200,SELL
NVDA,241121,82549,148.0,200,SELL
NVDA,241121,82549,148.0,200,SELL
NVDA,241121,82549,148.0,200,SELL
NVDA,241121,82549,148.0,200,SELL
NVDA,241121,82550,148.09,115,SELL
NVDA,241121,82551,148.0,100,SELL
NVDA,241121,82552,148.0,413,SELL
NVDA,241121,82552,148.0,492,SELL
NVDA,241121,82552,148.0,492,SELL
NVDA,241121,82552,148.0,500,SELL
NVDA,241121,82552,148.0,100,SELL
NVDA,241121,82552,148.0,100,SELL
NVDA,241121,82552,148.0,200,SELL
NVDA,241121,82552,148.0,300,SELL
NVDA,241121,82552,148.0,200,SELL
NVDA,241121,82552,148.0,300,SELL
NVDA,241121,82552,148.0,100,SELL
NVDA,241121,82552,148.0,100,SELL
NVDA,241121,82552,148.0,100,SELL
NVDA,241121,82552,148.0,100,SELL
NVDA,241121,82552,148.0,100,SELL
NVDA,241121,82552,148.0,200,SELL
NVDA,241121,82552,148.0,125,SELL
NVDA,241121,82553,148.0,200,SELL
NVDA,241121,82553,148.0,200,SELL
NVDA,241121,82553,148.0,100,SELL
NVDA,241121,82553,148.0,200,SELL
NVDA,241121,82553,148.0,1243,SELL
NVDA,241121,82556,147.92,100,SELL
NVDA,241121,82556,147.92,100,SELL
NVDA,241121,82556,147.98,100,SELL
NVDA,241121,82556,147.98,100,SELL
NVDA,241121,82556,147.98,100,SELL
NVDA,241121,82556,147.98,100,SELL
NVDA,241121,82556,148.0,307,BUY
NVDA,241121,82559,147.9,100,SELL
TSLA,241121,82604,342.0,550,BUY
NVDA,241121,82606,147.96,100,SELL
TSLA,241121,82607,341.93,140,SELL
TSLA,241121,82608,341.89,145,SELL
NVDA,241121,82612,147.82,100,SELL
NVDA,241121,82612,147.88,100,SELL
NVDA,241121,82612,147.92,100,SELL
NVDA,241121,82612,147.89,100,SELL
NVDA,241121,82612,147.89,100,SELL
NVDA,241121,82612,147.89,118,SELL
NVDA,241121,82615,147.86,100,SELL
NVDA,241121,82615,147.86,100,SELL
NVDA,241121,82617,147.8,100,SELL
NVDA,241121,82617,147.8,600,SELL
NVDA,241121,82618,147.8,137,SELL
TSLA,241121,82620,341.81,142,SELL
NVDA,241121,82622,147.76,108,SELL
TSLA,241121,82631,341.73,121,SELL
NVDA,241121,82632,147.66,250,SELL
NVDA,241121,82633,147.65,226,SELL
NVDA,241121,82638,147.7,505,BUY
NVDA,241121,82638,147.68,200,SELL
NVDA,241121,82641,147.63,110,SELL
NVDA,241121,82644,147.65,100,SELL
NVDA,241121,82647,147.5,100,SELL
NVDA,241121,82647,147.5,100,SELL
NVDA,241121,82647,147.51,100,SELL
NVDA,241121,82648,147.5,100,SELL
NVDA,241121,82649,147.5,100,SELL
NVDA,241121,82649,147.5,100,SELL
NVDA,241121,82649,147.5,100,SELL
NVDA,241121,82649,147.5,100,SELL
NVDA,241121,82649,147.5,100,SELL
NVDA,241121,82649,147.5,100,SELL
NVDA,241121,82649,147.5,100,SELL
NVDA,241121,82649,147.5,100,SELL
NVDA,241121,82649,147.5,100,SELL
NVDA,241121,82649,147.5,100,SELL
NVDA,241121,82649,147.5,100,SELL
NVDA,241121,82650,147.5,100,SELL
NVDA,241121,82650,147.5,100,SELL
NVDA,241121,82650,147.5,100,SELL
NVDA,241121,82650,147.5,100,SELL
NVDA,241121,82650,147.5,900,SELL
NVDA,241121,82650,147.5,100,SELL
NVDA,241121,82650,147.5,100,SELL
NVDA,241121,82650,147.5,100,SELL
NVDA,241121,82650,147.5,100,SELL
NVDA,241121,82650,147.5,100,SELL
NVDA,241121,82650,147.5,698,SELL
NVDA,241121,82650,147.5,100,SELL
NVDA,241121,82650,147.5,200,SELL
NVDA,241121,82650,147.5,100,SELL
NVDA,241121,82650,147.5,184,SELL
NVDA,241121,82650,147.5,100,SELL
NVDA,241121,82650,147.5,100,SELL
NVDA,241121,82650,147.5,210,SELL
NVDA,241121,82650,147.5,100,SELL
NVDA,241121,82651,147.5,100,SELL
NVDA,241121,82651,147.5,100,SELL
NVDA,241121,82651,147.5,100,SELL
NVDA,241121,82651,147.5,100,SELL
NVDA,241121,82651,147.5,100,SELL
NVDA,241121,82651,147.5,100,SELL
NVDA,241121,82651,147.5,100,SELL
NVDA,241121,82652,147.52,270,BUY
NVDA,241121,82652,147.5,100,SELL
NVDA,241121,82653,147.5,100,SELL
NVDA,241121,82653,147.5,100,SELL
NVDA,241121,82653,147.5,100,SELL
NVDA,241121,82653,147.5,100,SELL
NVDA,241121,82653,147.5,100,SELL
NVDA,241121,82653,147.5,100,SELL
NVDA,241121,82653,147.5,200,SELL
NVDA,241121,82655,147.5,100,SELL
NVDA,241121,82656,147.5,100,SELL
NVDA,241121,82656,147.5,100,SELL
NVDA,241121,82656,147.5,100,SELL
NVDA,241121,82656,147.5,325,SELL
NVDA,241121,82658,147.5,475,SELL
NVDA,241121,82658,147.5,100,SELL
NVDA,241121,82659,147.5,100,SELL
NVDA,241121,82701,147.54,500,BUY
NVDA,241121,82703,147.62,100,SELL
NVDA,241121,82705,147.58,103,SELL
NVDA,241121,82707,147.58,151,SELL
NVDA,241121,82711,147.58,100,SELL
NVDA,241121,82714,147.52,100,SELL
NVDA,241121,82718,147.52,100,SELL
NVDA,241121,82720,147.5,500,SELL
NVDA,241121,82720,147.5,100,SELL
NVDA,241121,82720,147.5,700,SELL
NVDA,241121,82720,147.5,100,SELL
NVDA,241121,82720,147.5,100,SELL
NVDA,241121,82720,147.5,100,SELL
NVDA,241121,82720,147.5,100,SELL
NVDA,241121,82720,147.5,641,SELL
NVDA,241121,82721,147.5,100,SELL
NVDA,241121,82721,147.5,900,SELL
NVDA,241121,82721,147.5,100,SELL
NVDA,241121,82721,147.5,100,SELL
NVDA,241121,82721,147.5,100,SELL
NVDA,241121,82721,147.5,100,SELL
NVDA,241121,82721,147.5,100,SELL
NVDA,241121,82721,147.5,100,SELL
NVDA,241121,82721,147.5,916,SELL
NVDA,241121,82721,147.5,100,SELL
NVDA,241121,82721,147.5,100,SELL
NVDA,241121,82721,147.5,100,SELL
NVDA,241121,82721,147.5,400,SELL
NVDA,241121,82721,147.5,100,SELL
NVDA,241121,82721,147.5,100,SELL
NVDA,241121,82721,147.5,100,SELL
NVDA,241121,82721,147.5,100,SELL
NVDA,241121,82721,147.5,100,SELL
NVDA,241121,82721,147.5,100,SELL
NVDA,241121,82721,147.5,400,SELL
NVDA,241121,82721,147.5,100,SELL
NVDA,241121,82721,147.5,100,SELL
NVDA,241121,82721,147.5,100,SELL
NVDA,241121,82721,147.5,400,SELL
NVDA,241121,82721,147.5,100,SELL
NVDA,241121,82721,147.5,100,SELL
NVDA,241121,82721,147.5,100,SELL
NVDA,241121,82721,147.5,100,SELL
NVDA,241121,82721,147.5,100,SELL
NVDA,241121,82721,147.5,100,SELL
NVDA,241121,82721,147.5,300,SELL
NVDA,241121,82721,147.5,100,SELL
NVDA,241121,82721,147.5,100,SELL
NVDA,241121,82721,147.5,100,SELL
NVDA,241121,82721,147.5,100,SELL
NVDA,241121,82721,147.5,300,SELL
NVDA,241121,82721,147.5,100,SELL
NVDA,241121,82721,147.5,100,SELL
NVDA,241121,82721,147.5,100,SELL
NVDA,241121,82721,147.5,100,SELL
NVDA,241121,82721,147.5,200,SELL
NVDA,241121,82721,147.5,100,SELL
NVDA,241121,82721,147.5,100,SELL
NVDA,241121,82721,147.5,100,SELL
NVDA,241121,82721,147.5,200,SELL
NVDA,241121,82721,147.5,100,SELL
NVDA,241121,82721,147.5,100,SELL
NVDA,241121,82721,147.5,100,SELL
NVDA,241121,82721,147.5,200,SELL
NVDA,241121,82721,147.5,100,SELL
NVDA,241121,82721,147.5,100,SELL
NVDA,241121,82721,147.5,200,SELL
NVDA,241121,82721,147.5,100,SELL
NVDA,241121,82721,147.5,100,SELL
NVDA,241121,82721,147.5,100,SELL
NVDA,241121,82721,147.5,100,SELL
NVDA,241121,82721,147.5,100,SELL
NVDA,241121,82721,147.5,100,SELL
NVDA,241121,82721,147.5,100,SELL
NVDA,241121,82721,147.5,100,SELL
NVDA,241121,82721,147.5,100,SELL
NVDA,241121,82721,147.5,100,SELL
NVDA,241121,82721,147.5,100,SELL
NVDA,241121,82721,147.5,100,SELL
NVDA,241121,82721,147.5,100,SELL
NVDA,241121,82721,147.5,100,SELL
NVDA,241121,82721,147.5,100,SELL
NVDA,241121,82721,147.5,100,SELL
NVDA,241121,82721,147.5,100,SELL
NVDA,241121,82721,147.5,100,SELL
NVDA,241121,82721,147.5,100,SELL
NVDA,241121,82721,147.5,100,SELL
NVDA,241121,82721,147.5,100,SELL
NVDA,241121,82721,147.5,100,SELL
NVDA,241121,82721,147.5,100,SELL
NVDA,241121,82721,147.5,100,SELL
NVDA,241121,82721,147.5,100,SELL
NVDA,241121,82721,147.5,100,SELL
NVDA,241121,82721,147.5,100,SELL
NVDA,241121,82721,147.5,100,SELL
NVDA,241121,82721,147.5,100,SELL
NVDA,241121,82721,147.5,100,SELL
NVDA,241121,82721,147.5,100,SELL
NVDA,241121,82721,147.5,100,SELL
NVDA,241121,82721,147.5,100,SELL
NVDA,241121,82721,147.5,100,SELL
NVDA,241121,82721,147.5,100,SELL
NVDA,241121,82721,147.5,100,SELL
NVDA,241121,82721,147.5,100,SELL
NVDA,241121,82721,147.5,100,SELL
NVDA,241121,82721,147.5,100,SELL
NVDA,241121,82721,147.5,100,SELL
NVDA,241121,82721,147.5,100,SELL
NVDA,241121,82721,147.5,100,SELL
NVDA,241121,82722,147.5,100,SELL
NVDA,241121,82722,147.5,100,SELL
NVDA,241121,82722,147.5,100,SELL
NVDA,241121,82722,147.5,100,SELL
NVDA,241121,82722,147.5,100,SELL
NVDA,241121,82722,147.5,100,SELL
NVDA,241121,82722,147.5,100,SELL
NVDA,241121,82722,147.5,102,SELL
NVDA,241121,82722,147.5,100,SELL
NVDA,241121,82722,147.5,100,SELL
NVDA,241121,82722,147.5,100,SELL
NVDA,241121,82722,147.5,100,SELL
NVDA,241121,82722,147.5,100,SELL
NVDA,241121,82722,147.5,100,SELL
NVDA,241121,82722,147.5,100,SELL
NVDA,241121,82722,147.5,100,SELL
NVDA,241121,82722,147.5,100,SELL
NVDA,241121,82722,147.5,1500,SELL
NVDA,241121,82722,147.5,100,SELL
NVDA,241121,82722,147.5,100,SELL
NVDA,241121,82722,147.5,100,SELL
NVDA,241121,82722,147.5,100,SELL
NVDA,241121,82722,147.5,100,SELL
NVDA,241121,82722,147.5,100,SELL
NVDA,241121,82722,147.5,100,SELL
NVDA,241121,82722,147.5,100,SELL
NVDA,241121,82723,147.5,100,SELL
NVDA,241121,82723,147.5,100,SELL
NVDA,241121,82723,147.51,179,BUY
NVDA,241121,82724,147.51,250,SELL
NVDA,241121,82725,147.51,400,SELL
NVDA,241121,82725,147.5,100,SELL
NVDA,241121,82725,147.5,4500,SELL
NVDA,241121,82725,147.51,250,SELL
NVDA,241121,82725,147.5,100,SELL
NVDA,241121,82725,147.5,3600,SELL
NVDA,241121,82726,147.51,244,SELL
NVDA,241121,82726,147.51,194,SELL
NVDA,241121,82727,147.5,100,SELL
NVDA,241121,82727,147.5,100,SELL
NVDA,241121,82727,147.51,250,BUY
NVDA,241121,82728,147.5,100,SELL
NVDA,241121,82728,147.5,100,SELL
NVDA,241121,82728,147.5,194,SELL
NVDA,241121,82728,147.5,100,SELL
NVDA,241121,82729,147.5,100,SELL
NVDA,241121,82729,147.51,250,BUY
NVDA,241121,82729,147.53,138,SELL
NVDA,241121,82729,147.5,100,SELL
NVDA,241121,82729,147.5,150,SELL
NVDA,241121,82730,147.5,100,SELL
NVDA,241121,82730,147.5,100,SELL
NVDA,241121,82730,147.5,100,SELL
NVDA,241121,82731,147.52,161,BUY
NVDA,241121,82731,147.5,100,SELL
NVDA,241121,82731,147.5,2400,SELL
NVDA,241121,82731,147.5,100,SELL
NVDA,241121,82731,147.5,2232,SELL
NVDA,241121,82732,147.5,100,SELL
NVDA,241121,82732,147.5,100,SELL
NVDA,241121,82732,147.5,2400,SELL
NVDA,241121,82732,147.5,100,SELL
NVDA,241121,82732,147.5,15188,SELL
NVDA,241121,82732,147.5,100,SELL
NVDA,241121,82732,147.5,100,SELL
NVDA,241121,82732,147.5,100,SELL
NVDA,241121,82732,147.5,100,SELL
NVDA,241121,82732,147.5,1600,SELL
NVDA,241121,82732,147.5,100,SELL
NVDA,241121,82732,147.5,150,SELL
NVDA,241121,82733,147.52,160,SELL
NVDA,241121,82733,147.51,100,SELL
NVDA,241121,82733,147.54,104,SELL
NVDA,241121,82733,147.6,300,BUY
NVDA,241121,82733,147.6,100,SELL
NVDA,241121,82736,147.6,500,SELL
NVDA,241121,82740,147.61,200,SELL
NVDA,241121,82740,147.61,100,SELL
NVDA,241121,82740,147.61,100,SELL
NVDA,241121,82740,147.6,100,SELL
NVDA,241121,82740,147.6,100,SELL
NVDA,241121,82740,147.6,100,SELL
NVDA,241121,82740,147.6,100,SELL
NVDA,241121,82740,147.6,100,SELL
NVDA,241121,82740,147.61,100,SELL
NVDA,241121,82743,147.61,100,SELL
NVDA,241121,82743,147.61,100,SELL
NVDA,241121,82743,147.62,106,BUY
NVDA,241121,82743,147.62,106,SELL
NVDA,241121,82754,147.72,100,SELL
NVDA,241121,82754,147.74,100,SELL
NVDA,241121,82754,147.74,100,SELL
NVDA,241121,82754,147.75,100,SELL
NVDA,241121,82754,147.75,100,SELL
NVDA,241121,82754,147.75,100,SELL
NVDA,241121,82754,147.76,100,SELL
NVDA,241121,82759,147.89,200,BUY
NVDA,241121,82803,147.81,100,SELL
NVDA,241121,82803,147.81,100,SELL
NVDA,241121,82803,147.81,332,SELL
NVDA,241121,82806,147.8,100,SELL
NVDA,241121,82806,147.8,100,SELL
NVDA,241121,82807,147.71,300,SELL
TSLA,241121,82807,341.61,347,SELL
NVDA,241121,82812,147.82,100,SELL
NVDA,241121,82812,147.82,100,SELL
NVDA,241121,82812,147.82,100,SELL
NVDA,241121,82812,147.82,100,SELL
NVDA,241121,82812,147.82,100,SELL
NVDA,241121,82815,147.88,400,BUY
NVDA,241121,82815,147.88,100,SELL
NVDA,241121,82815,147.89,100,SELL
NVDA,241121,82815,147.89,100,SELL
NVDA,241121,82824,147.86,100,SELL
NVDA,241121,82824,147.9,100,SELL
NVDA,241121,82826,147.97,100,SELL
NVDA,241121,82826,147.97,100,SELL
NVDA,241121,82826,147.97,100,SELL
NVDA,241121,82826,147.97,100,SELL
NVDA,241121,82826,147.96,100,SELL
NVDA,241121,82828,147.98,151,BUY
NVDA,241121,82828,148.0,630,BUY
NVDA,241121,82828,148.0,350,SELL
NVDA,241121,82828,148.0,160,SELL
NVDA,241121,82828,148.02,400,BUY
NVDA,241121,82829,148.05,156,SELL
NVDA,241121,82829,148.04,100,SELL
NVDA,241121,82830,148.05,101,SELL
NVDA,241121,82830,148.07,100,SELL
NVDA,241121,82833,148.05,250,SELL
NVDA,241121,82833,148.06,165,BUY
NVDA,241121,82833,148.09,100,SELL
NVDA,241121,82833,148.1,100,SELL
NVDA,241121,82833,148.1,100,SELL
NVDA,241121,82835,148.06,250,SELL
NVDA,241121,82839,148.09,246,BUY
NVDA,241121,82839,148.1,100,SELL
NVDA,241121,82839,148.1,100,SELL
NVDA,241121,82841,148.1,140,SELL
NVDA,241121,82841,148.1,250,SELL
NVDA,241121,82842,148.1,100,SELL
NVDA,241121,82844,148.1,156,SELL
NVDA,241121,82844,148.1,250,SELL
NVDA,241121,82844,148.12,100,SELL
NVDA,241121,82845,148.15,105,SELL
NVDA,241121,82847,148.22,281,BUY
NVDA,241121,82847,148.15,300,SELL
NVDA,241121,82848,148.16,100,SELL
NVDA,241121,82848,148.17,533,BUY
NVDA,241121,82848,148.17,190,SELL
NVDA,241121,82848,148.11,122,SELL
NVDA,241121,82848,148.11,500,SELL
NVDA,241121,82849,148.12,100,SELL
NVDA,241121,82849,148.12,100,SELL
NVDA,241121,82849,148.12,100,SELL
NVDA,241121,82849,148.12,100,SELL
NVDA,241121,82849,148.12,100,SELL
NVDA,241121,82852,148.1,494,SELL
NVDA,241121,82854,148.05,246,SELL
NVDA,241121,82856,148.11,100,SELL
NVDA,241121,82856,148.12,100,SELL
NVDA,241121,82856,148.12,100,SELL
NVDA,241121,82856,148.12,100,SELL
NVDA,241121,82856,148.13,247,BUY
NVDA,241121,82857,148.16,143,BUY
NVDA,241121,82857,148.16,100,SELL
NVDA,241121,82857,148.16,100,SELL
NVDA,241121,82857,148.16,100,SELL
NVDA,241121,82857,148.19,114,BUY
NVDA,241121,82907,148.37,169,BUY
NVDA,241121,82907,148.35,100,SELL
NVDA,241121,82907,148.35,100,SELL
NVDA,241121,82907,148.35,100,SELL
NVDA,241121,82907,148.35,100,SELL
NVDA,241121,82908,148.27,200,SELL
NVDA,241121,82908,148.27,598,SELL
NVDA,241121,82912,148.25,100,SELL
NVDA,241121,82916,148.2,100,SELL
NVDA,241121,82922,148.25,200,SELL
NVDA,241121,82922,148.29,100,SELL
NVDA,241121,82922,148.3,100,SELL
NVDA,241121,82922,148.33,100,SELL
NVDA,241121,82922,148.34,100,SELL
NVDA,241121,82926,148.19,100,SELL
NVDA,241121,82926,148.19,100,SELL
NVDA,241121,82926,148.19,100,SELL
NVDA,241121,82926,148.2,100,SELL
NVDA,241121,82926,148.2,100,SELL
NVDA,241121,82926,148.2,100,SELL
NVDA,241121,82926,148.2,100,SELL
NVDA,241121,82926,148.2,100,SELL
NVDA,241121,82926,148.21,100,SELL
NVDA,241121,82926,148.2,100,SELL
NVDA,241121,82934,148.1,200,SELL
NVDA,241121,82936,148.05,200,SELL
NVDA,241121,82936,148.05,153,SELL
NVDA,241121,82936,148.05,100,SELL
NVDA,241121,82937,148.05,100,SELL
NVDA,241121,82951,148.08,100,SELL
NVDA,241121,82952,148.06,100,SELL
NVDA,241121,83002,148.16,113,BUY
NVDA,241121,83006,148.2,100,SELL
NVDA,241121,83013,148.23,100,SELL
NVDA,241121,83013,148.22,100,SELL
NVDA,241121,83015,148.24,100,SELL
NVDA,241121,83015,148.24,100,SELL
NVDA,241121,83015,148.23,100,SELL
NVDA,241121,83015,148.22,100,SELL
NVDA,241121,83015,148.22,100,SELL
NVDA,241121,83015,148.22,100,SELL
NVDA,241121,83016,148.2,200,SELL
NVDA,241121,83016,148.2,200,SELL
NVDA,241121,83016,148.2,125,SELL
NVDA,241121,83022,148.24,133,SELL
NVDA,241121,83026,148.2,200,SELL
NVDA,241121,83026,148.2,200,SELL
NVDA,241121,83026,148.2,186,SELL
NVDA,241121,83026,148.2,100,SELL
NVDA,241121,83026,148.2,175,SELL
NVDA,241121,83026,148.2,200,SELL
NVDA,241121,83026,148.2,200,SELL
NVDA,241121,83027,148.2,200,SELL
NVDA,241121,83027,148.2,200,SELL
NVDA,241121,83027,148.2,100,SELL
NVDA,241121,83027,148.2,100,SELL
NVDA,241121,83027,148.2,100,SELL
NVDA,241121,83027,148.2,200,SELL
NVDA,241121,83029,148.25,400,BUY
NVDA,241121,83029,148.25,400,SELL
NVDA,241121,83029,148.25,100,SELL
NVDA,241121,83029,148.25,100,SELL
NVDA,241121,83029,148.25,100,SELL
NVDA,241121,83029,148.25,100,SELL
NVDA,241121,83029,148.25,100,SELL
NVDA,241121,83029,148.25,100,SELL
NVDA,241121,83029,148.25,151,SELL
NVDA,241121,83029,148.25,300,SELL
NVDA,241121,83029,148.25,100,SELL
NVDA,241121,83029,148.25,250,SELL
NVDA,241121,83029,148.25,140,SELL
NVDA,241121,83029,148.25,100,SELL
NVDA,241121,83029,148.25,100,SELL
NVDA,241121,83030,148.25,100,SELL
NVDA,241121,83030,148.25,107,SELL
NVDA,241121,83030,148.25,400,SELL
NVDA,241121,83030,148.25,100,SELL
NVDA,241121,83030,148.25,400,SELL
NVDA,241121,83030,148.25,100,SELL
NVDA,241121,83030,148.25,400,SELL
NVDA,241121,83030,148.25,100,SELL
NVDA,241121,83030,148.25,400,SELL
NVDA,241121,83030,148.25,100,SELL
NVDA,241121,83030,148.25,400,SELL
NVDA,241121,83030,148.25,100,SELL
NVDA,241121,83030,148.25,400,SELL
NVDA,241121,83030,148.25,100,SELL
NVDA,241121,83030,148.25,400,SELL
NVDA,241121,83030,148.25,100,SELL
NVDA,241121,83030,148.25,100,SELL
NVDA,241121,83030,148.25,300,SELL
NVDA,241121,83030,148.25,400,SELL
NVDA,241121,83030,148.25,100,SELL
NVDA,241121,83030,148.25,400,SELL
NVDA,241121,83030,148.25,100,SELL
NVDA,241121,83030,148.25,400,SELL
NVDA,241121,83030,148.25,100,SELL
NVDA,241121,83030,148.25,400,SELL
NVDA,241121,83030,148.25,100,SELL
NVDA,241121,83030,148.25,400,SELL
NVDA,241121,83030,148.25,100,SELL
NVDA,241121,83030,148.25,400,SELL
NVDA,241121,83030,148.25,100,SELL
NVDA,241121,83030,148.25,400,SELL
NVDA,241121,83030,148.25,100,SELL
NVDA,241121,83030,148.25,400,SELL
NVDA,241121,83030,148.25,100,SELL
NVDA,241121,83030,148.25,400,SELL
NVDA,241121,83030,148.25,100,SELL
NVDA,241121,83030,148.25,400,SELL
NVDA,241121,83030,148.25,100,SELL
NVDA,241121,83030,148.25,400,SELL
NVDA,241121,83030,148.25,100,SELL
NVDA,241121,83030,148.25,159,SELL
NVDA,241121,83033,148.25,134,SELL
NVDA,241121,83033,148.25,200,SELL
NVDA,241121,83033,148.25,200,SELL
NVDA,241121,83034,148.25,400,SELL
NVDA,241121,83034,148.25,522,SELL
NVDA,241121,83035,148.25,100,SELL
NVDA,241121,83038,148.29,108,SELL
NVDA,241121,83038,148.3,100,SELL
NVDA,241121,83038,148.3,200,SELL
NVDA,241121,83038,148.3,200,SELL
NVDA,241121,83039,148.35,250,BUY
NVDA,241121,83041,148.34,250,SELL
NVDA,241121,83048,148.38,100,SELL
NVDA,241121,83049,148.4,126,SELL
NVDA,241121,83049,148.4,160,SELL
NVDA,241121,83049,148.38,100,SELL
NVDA,241121,83054,148.48,105,SELL
NVDA,241121,83055,148.5,200,BUY
NVDA,241121,83055,148.5,500,SELL
NVDA,241121,83058,148.56,100,SELL
NVDA,241121,83058,148.59,100,SELL
NVDA,241121,83058,148.59,100,SELL
NVDA,241121,83058,148.6,2635,BUY
NVDA,241121,83058,148.6,500,SELL
NVDA,241121,83059,148.6,100,SELL
NVDA,241121,83059,148.6,100,SELL
NVDA,241121,83100,148.58,940,SELL
NVDA,241121,83101,148.6,1000,BUY
NVDA,241121,83103,148.55,100,SELL
NVDA,241121,83110,148.57,100,SELL
NVDA,241121,83114,148.6,100,SELL
NVDA,241121,83114,148.6,100,SELL
NVDA,241121,83117,148.58,100,SELL
NVDA,241121,83117,148.56,100,SELL
NVDA,241121,83117,148.56,100,SELL
NVDA,241121,83117,148.56,1000,SELL
NVDA,241121,83117,148.56,100,SELL
NVDA,241121,83118,148.55,100,SELL
NVDA,241121,83118,148.55,100,SELL
NVDA,241121,83119,148.5,500,SELL
NVDA,241121,83119,148.53,100,SELL
NVDA,241121,83119,148.5,100,SELL
NVDA,241121,83120,148.56,100,SELL
NVDA,241121,83120,148.56,100,SELL
NVDA,241121,83120,148.56,100,SELL
NVDA,241121,83120,148.56,100,SELL
NVDA,241121,83120,148.56,100,SELL
NVDA,241121,83120,148.56,100,SELL
NVDA,241121,83120,148.56,100,SELL
NVDA,241121,83121,148.52,100,SELL
NVDA,241121,83121,148.52,100,SELL
NVDA,241121,83121,148.52,100,SELL
NVDA,241121,83121,148.56,100,SELL
NVDA,241121,83121,148.56,1417,SELL
NVDA,241121,83121,148.56,100,SELL
NVDA,241121,83121,148.56,100,SELL
NVDA,241121,83121,148.56,9535,SELL
NVDA,241121,83121,148.56,100,SELL
NVDA,241121,83121,148.56,100,SELL
NVDA,241121,83122,148.52,100,SELL
NVDA,241121,83122,148.52,100,SELL
NVDA,241121,83122,148.54,100,SELL
NVDA,241121,83122,148.54,100,SELL
NVDA,241121,83122,148.54,100,SELL
NVDA,241121,83122,148.55,100,SELL
NVDA,241121,83122,148.55,100,SELL
NVDA,241121,83122,148.55,100,SELL
NVDA,241121,83122,148.55,100,SELL
NVDA,241121,83122,148.56,100,SELL
NVDA,241121,83122,148.56,100,SELL
NVDA,241121,83122,148.56,100,SELL
NVDA,241121,83122,148.56,2000,SELL
NVDA,241121,83122,148.51,100,SELL
AAPL,241121,83123,229.1,100,SELL
NVDA,241121,83129,148.51,241,SELL
NVDA,241121,83130,148.53,100,SELL
NVDA,241121,83130,148.55,100,SELL
NVDA,241121,83130,148.56,100,SELL
NVDA,241121,83130,148.56,1473,SELL
NVDA,241121,83131,148.6,100,SELL
NVDA,241121,83131,148.6,100,SELL
NVDA,241121,83132,148.63,100,SELL
NVDA,241121,83132,148.6,100,SELL
NVDA,241121,83137,148.6,200,SELL
NVDA,241121,83141,148.65,300,BUY
NVDA,241121,83141,148.65,100,SELL
NVDA,241121,83141,148.66,100,SELL
NVDA,241121,83141,148.67,100,SELL
NVDA,241121,83149,148.7,100,SELL
NVDA,241121,83152,148.74,100,SELL
NVDA,241121,83201,148.78,250,BUY
NVDA,241121,83201,148.78,500,SELL
NVDA,241121,83203,148.75,200,SELL
NVDA,241121,83203,148.75,349,SELL
NVDA,241121,83203,148.75,4500,SELL
NVDA,241121,83203,148.75,500,SELL
NVDA,241121,83203,148.75,500,SELL
NVDA,241121,83203,148.75,500,SELL
NVDA,241121,83203,148.75,500,SELL
NVDA,241121,83203,148.75,1000,SELL
NVDA,241121,83205,148.7,100,SELL
NVDA,241121,83205,148.66,126,SELL
NVDA,241121,83205,148.66,791,SELL
NVDA,241121,83205,148.66,109,SELL
NVDA,241121,83206,148.65,100,SELL
NVDA,241121,83206,148.7,100,SELL
NVDA,241121,83206,148.7,100,SELL
NVDA,241121,83206,148.7,100,SELL
NVDA,241121,83206,148.7,100,SELL
NVDA,241121,83206,148.7,100,SELL
NVDA,241121,83206,148.71,100,SELL
NVDA,241121,83206,148.71,100,SELL
NVDA,241121,83206,148.71,100,SELL
NVDA,241121,83206,148.71,100,SELL
NVDA,241121,83206,148.85,100,SELL
NVDA,241121,83206,148.88,1350,BUY
NVDA,241121,83206,148.9,100,SELL
NVDA,241121,83206,148.9,1000,SELL
NVDA,241121,83206,148.9,250,SELL
NVDA,241121,83206,148.91,500,SELL
NVDA,241121,83206,148.95,400,SELL
NVDA,241121,83206,148.98,100,SELL
NVDA,241121,83210,148.89,225,SELL
NVDA,241121,83210,148.89,175,SELL
NVDA,241121,83211,148.87,136,SELL
NVDA,241121,83213,148.9,100,SELL
NVDA,241121,83214,148.9,100,SELL
NVDA,241121,83215,148.93,100,SELL
NVDA,241121,83216,148.96,100,SELL
NVDA,241121,83216,148.93,100,SELL
NVDA,241121,83216,148.93,100,SELL
NVDA,241121,83216,148.92,117,SELL
NVDA,241121,83216,148.92,100,SELL
NVDA,241121,83216,148.92,100,SELL
NVDA,241121,83218,148.94,100,SELL
NVDA,241121,83219,148.97,320,BUY
NVDA,241121,83220,148.97,178,SELL
NVDA,241121,83222,149.0,100,SELL
NVDA,241121,83222,149.0,100,SELL
NVDA,241121,83222,149.0,100,SELL
NVDA,241121,83222,149.0,806,SELL
NVDA,241121,83222,149.0,100,SELL
NVDA,241121,83222,149.0,705,SELL
NVDA,241121,83222,149.0,100,SELL
NVDA,241121,83222,149.0,100,SELL
NVDA,241121,83222,149.14,100,SELL
NVDA,241121,83222,149.15,150,SELL
NVDA,241121,83222,149.15,100,SELL
NVDA,241121,83222,149.16,166,BUY
NVDA,241121,83222,149.13,100,SELL
NVDA,241121,83222,149.1,100,SELL
NVDA,241121,83224,149.07,100,SELL
NVDA,241121,83224,149.07,100,SELL
NVDA,241121,83229,149.01,100,SELL
NVDA,241121,83231,149.05,161,BUY
NVDA,241121,83232,149.05,190,SELL
NVDA,241121,83233,149.1,152,BUY
NVDA,241121,83233,149.11,100,SELL
NVDA,241121,83234,149.11,100,SELL
NVDA,241121,83234,149.11,100,SELL
NVDA,241121,83238,149.11,100,SELL
NVDA,241121,83238,149.11,100,SELL
NVDA,241121,83241,149.18,100,SELL
NVDA,241121,83243,149.2,100,SELL
NVDA,241121,83246,149.23,100,SELL
NVDA,241121,83246,149.23,100,SELL
NVDA,241121,83252,149.23,100,SELL
NVDA,241121,83252,149.24,100,SELL
NVDA,241121,83252,149.25,100,SELL
NVDA,241121,83252,149.25,100,SELL
NVDA,241121,83256,149.34,100,SELL
NVDA,241121,83256,149.31,100,SELL
NVDA,241121,83256,149.32,100,SELL
NVDA,241121,83256,149.32,100,SELL
NVDA,241121,83256,149.32,100,SELL
NVDA,241121,83256,149.32,100,SELL
NVDA,241121,83256,149.32,100,SELL
NVDA,241121,83256,149.31,100,SELL
NVDA,241121,83256,149.31,100,SELL
NVDA,241121,83256,149.27,100,SELL
NVDA,241121,83256,149.27,100,SELL
NVDA,241121,83256,149.28,100,SELL
NVDA,241121,83256,149.28,100,SELL
NVDA,241121,83256,149.28,100,SELL
NVDA,241121,83256,149.28,100,SELL
NVDA,241121,83256,149.28,100,SELL
NVDA,241121,83257,149.28,100,SELL
NVDA,241121,83257,149.28,100,SELL
NVDA,241121,83257,149.29,100,SELL
NVDA,241121,83257,149.29,100,SELL
NVDA,241121,83257,149.3,100,SELL
NVDA,241121,83257,149.3,100,SELL
NVDA,241121,83257,149.3,100,SELL
NVDA,241121,83257,149.31,100,SELL
NVDA,241121,83257,149.31,100,SELL
NVDA,241121,83257,149.31,100,SELL
NVDA,241121,83257,149.32,100,SELL
NVDA,241121,83257,149.25,100,SELL
NVDA,241121,83258,149.25,300,SELL
NVDA,241121,83259,149.23,600,SELL
NVDA,241121,83259,149.24,100,SELL
NVDA,241121,83259,149.2,100,SELL
NVDA,241121,83300,149.19,151,SELL
NVDA,241121,83300,149.19,200,SELL
NVDA,241121,83302,149.21,100,SELL
NVDA,241121,83302,149.23,105,SELL
NVDA,241121,83307,149.38,100,SELL
NVDA,241121,83307,149.38,100,SELL
NVDA,241121,83307,149.38,100,SELL
TSLA,241121,83308,342.77,150,SELL
NVDA,241121,83309,149.36,100,SELL
NVDA,241121,83309,149.36,100,SELL
NVDA,241121,83315,149.35,112,SELL
NVDA,241121,83315,149.33,300,SELL
NVDA,241121,83316,149.36,100,SELL
NVDA,241121,83316,149.26,100,SELL
NVDA,241121,83317,149.24,158,SELL
TSLA,241121,83318,342.77,120,SELL
NVDA,241121,83319,149.14,159,SELL
NVDA,241121,83320,149.19,100,SELL
NVDA,241121,83322,149.1,500,SELL
NVDA,241121,83327,149.1,108,SELL
NVDA,241121,83328,149.14,100,SELL
NVDA,241121,83331,149.18,100,SELL
NVDA,241121,83334,149.14,100,SELL
NVDA,241121,83337,149.17,100,SELL
NVDA,241121,83337,149.18,229,BUY
NVDA,241121,83337,149.18,271,SELL
NVDA,241121,83337,149.18,100,SELL
NVDA,241121,83337,149.18,100,SELL
NVDA,241121,83339,149.18,100,SELL
NVDA,241121,83341,149.19,250,BUY
NVDA,241121,83341,149.19,250,SELL
NVDA,241121,83341,149.23,214,BUY
NVDA,241121,83346,149.27,250,BUY
NVDA,241121,83346,149.27,100,SELL
NVDA,241121,83346,149.27,100,SELL
NVDA,241121,83346,149.27,100,SELL
NVDA,241121,83346,149.27,100,SELL
NVDA,241121,83346,149.25,100,SELL
NVDA,241121,83347,149.23,170,SELL
NVDA,241121,83347,149.23,100,SELL
NVDA,241121,83347,149.2,100,SELL
NVDA,241121,83347,149.19,250,SELL
NVDA,241121,83352,149.16,100,SELL
AAPL,241121,83353,229.38,100,SELL
NVDA,241121,83359,149.08,100,SELL
NVDA,241121,83401,149.04,100,SELL
NVDA,241121,83402,149.07,200,BUY
NVDA,241121,83403,149.09,250,BUY
NVDA,241121,83404,149.11,200,BUY
NVDA,241121,83405,149.09,120,SELL
NVDA,241121,83406,149.08,100,SELL
NVDA,241121,83407,149.08,100,SELL
NVDA,241121,83407,149.09,116,SELL
NVDA,241121,83407,149.09,134,SELL
NVDA,241121,83407,149.09,100,SELL
NVDA,241121,83407,149.1,5016,BUY
NVDA,241121,83407,149.09,250,SELL
NVDA,241121,83407,149.09,100,SELL
NVDA,241121,83407,149.09,100,SELL
NVDA,241121,83407,149.09,100,SELL
NVDA,241121,83407,149.09,248,SELL
NVDA,241121,83408,149.06,250,SELL
NVDA,241121,83410,149.08,100,SELL
NVDA,241121,83410,149.08,100,SELL
NVDA,241121,83410,149.08,100,SELL
NVDA,241121,83410,149.08,100,SELL
NVDA,241121,83410,149.08,100,SELL
NVDA,241121,83410,149.08,100,SELL
NVDA,241121,83410,149.09,100,SELL
NVDA,241121,83410,149.09,100,SELL
NVDA,241121,83410,149.1,250,BUY
NVDA,241121,83411,149.09,250,SELL
NVDA,241121,83417,149.09,200,SELL
NVDA,241121,83417,149.09,200,SELL
NVDA,241121,83417,149.09,200,SELL
NVDA,241121,83419,149.09,200,SELL
NVDA,241121,83419,149.1,100,SELL
NVDA,241121,83419,149.08,100,SELL
NVDA,241121,83420,149.09,100,SELL
NVDA,241121,83423,149.1,250,BUY
NVDA,241121,83423,149.1,200,SELL
NVDA,241121,83423,149.1,100,SELL
NVDA,241121,83423,149.1,109,SELL
NVDA,241121,83424,149.1,898,SELL
NVDA,241121,83425,149.1,100,SELL
NVDA,241121,83426,149.09,863,SELL
NVDA,241121,83427,149.01,200,SELL
NVDA,241121,83427,149.01,200,SELL
NVDA,241121,83427,149.0,722,SELL
NVDA,241121,83427,149.0,100,SELL
NVDA,241121,83427,149.0,100,SELL
NVDA,241121,83427,149.0,179,SELL
NVDA,241121,83429,148.92,250,SELL
NVDA,241121,83429,148.9,105,SELL
NVDA,241121,83429,148.9,100,SELL
NVDA,241121,83430,148.89,100,SELL
NVDA,241121,83431,148.9,100,SELL
NVDA,241121,83431,148.9,100,SELL
NVDA,241121,83432,148.84,250,SELL
NVDA,241121,83432,148.85,100,SELL
NVDA,241121,83432,148.85,100,SELL
NVDA,241121,83432,148.84,100,SELL
NVDA,241121,83432,148.85,250,BUY
NVDA,241121,83432,148.86,100,SELL
NVDA,241121,83436,148.86,250,SELL
NVDA,241121,83436,148.89,156,SELL
NVDA,241121,83439,148.87,220,SELL
NVDA,241121,83440,148.8,250,SELL
NVDA,241121,83443,148.77,212,SELL
NVDA,241121,83444,148.7,497,SELL
NVDA,241121,83444,148.78,108,SELL
NVDA,241121,83454,148.88,100,SELL
NVDA,241121,83454,148.9,100,SELL
NVDA,241121,83456,148.94,100,SELL
NVDA,241121,83457,148.95,185,BUY
NVDA,241121,83503,149.0,222,BUY
NVDA,241121,83505,148.96,498,SELL
NVDA,241121,83508,148.97,100,SELL
NVDA,241121,83508,148.97,100,SELL
NVDA,241121,83508,148.98,100,SELL
NVDA,241121,83508,148.98,100,SELL
NVDA,241121,83508,149.0,4100,BUY
NVDA,241121,83508,149.0,1000,SELL
NVDA,241121,83511,149.0,180,SELL
NVDA,241121,83527,148.99,200,SELL
NVDA,241121,83533,148.89,100,SELL
NVDA,241121,83535,148.8,1800,SELL
NVDA,241121,83540,148.76,100,SELL
NVDA,241121,83540,148.76,100,SELL
NVDA,241121,83549,148.82,340,SELL
NVDA,241121,83551,148.83,100,SELL
NVDA,241121,83552,148.86,100,SELL
NVDA,241121,83552,148.86,100,SELL
NVDA,241121,83552,148.86,100,SELL
NVDA,241121,83552,148.86,100,SELL
NVDA,241121,83552,148.83,159,SELL
NVDA,241121,83552,148.87,100,SELL
NVDA,241121,83552,148.88,383,BUY
NVDA,241121,83552,148.88,100,SELL
NVDA,241121,83552,148.9,1600,BUY
NVDA,241121,83552,148.9,4000,SELL
NVDA,241121,83554,148.87,100,SELL
NVDA,241121,83554,148.87,100,SELL
NVDA,241121,83557,148.88,100,SELL
AAPL,241121,83601,229.3,100,SELL
NVDA,241121,83607,148.82,100,SELL
NVDA,241121,83620,148.65,299,SELL
NVDA,241121,83623,148.72,100,SELL
NVDA,241121,83624,148.83,200,BUY
NVDA,241121,83628,148.77,100,SELL
NVDA,241121,83628,148.77,100,SELL
NVDA,241121,83639,148.71,110,SELL
NVDA,241121,83639,148.71,100,SELL
TSLA,241121,83645,343.89,100,SELL
TSLA,241121,83649,343.89,150,SELL
AAPL,241121,83650,229.45,133,BUY
TSLA,241121,83655,344.0,100,SELL
TSLA,241121,83658,343.98,128,SELL
NVDA,241121,83703,148.69,100,SELL
NVDA,241121,83705,148.71,100,SELL
NVDA,241121,83715,148.66,100,SELL
NVDA,241121,83715,148.66,100,SELL
NVDA,241121,83721,148.69,100,SELL
NVDA,241121,83721,148.69,100,SELL
TSLA,241121,83722,343.8,100,SELL
NVDA,241121,83723,148.6,100,SELL
NVDA,241121,83724,148.59,100,SELL
NVDA,241121,83724,148.59,100,SELL
NVDA,241121,83724,148.59,100,SELL
NVDA,241121,83726,148.6,400,BUY
TSLA,241121,83728,343.85,200,BUY
NVDA,241121,83729,148.6,100,SELL
NVDA,241121,83729,148.62,100,SELL
NVDA,241121,83729,148.63,260,BUY
NVDA,241121,83732,148.61,100,SELL
NVDA,241121,83732,148.61,100,SELL
NVDA,241121,83732,148.62,113,SELL
NVDA,241121,83732,148.62,100,SELL
NVDA,241121,83732,148.62,100,SELL
NVDA,241121,83732,148.62,100,SELL
NVDA,241121,83732,148.62,100,SELL
NVDA,241121,83732,148.62,100,SELL
TSLA,241121,83735,343.85,300,SELL
NVDA,241121,83738,148.6,100,SELL
NVDA,241121,83738,148.6,100,SELL
NVDA,241121,83738,148.6,100,SELL
NVDA,241121,83738,148.6,100,SELL
NVDA,241121,83738,148.63,100,SELL
NVDA,241121,83738,148.6,100,SELL
TSLA,241121,83740,343.8,500,SELL
NVDA,241121,83744,148.57,100,SELL
NVDA,241121,83744,148.56,100,SELL
NVDA,241121,83744,148.56,100,SELL
NVDA,241121,83744,148.56,100,SELL
NVDA,241121,83744,148.56,100,SELL
NVDA,241121,83744,148.56,100,SELL
NVDA,241121,83745,148.57,100,SELL
NVDA,241121,83746,148.5,200,SELL
NVDA,241121,83747,148.48,100,SELL
NVDA,241121,83747,148.49,100,SELL
NVDA,241121,83747,148.49,100,SELL
NVDA,241121,83747,148.49,100,SELL
NVDA,241121,83747,148.41,100,SELL
NVDA,241121,83747,148.41,100,SELL
NVDA,241121,83747,148.41,100,SELL
NVDA,241121,83748,148.41,100,SELL
NVDA,241121,83748,148.41,100,SELL
NVDA,241121,83752,148.37,100,SELL
NVDA,241121,83752,148.37,100,SELL
NVDA,241121,83752,148.4,200,BUY
NVDA,241121,83758,148.41,100,SELL
NVDA,241121,83758,148.41,100,SELL
NVDA,241121,83759,148.43,100,SELL
NVDA,241121,83759,148.43,100,SELL
NVDA,241121,83759,148.43,100,SELL
NVDA,241121,83759,148.42,100,SELL
NVDA,241121,83759,148.42,100,SELL
NVDA,241121,83801,148.38,100,SELL
NVDA,241121,83801,148.38,100,SELL
NVDA,241121,83801,148.37,100,SELL
NVDA,241121,83801,148.37,100,SELL
NVDA,241121,83806,148.38,100,SELL
NVDA,241121,83806,148.38,100,SELL
NVDA,241121,83806,148.39,200,BUY
NVDA,241121,83806,148.39,100,SELL
NVDA,241121,83806,148.39,100,SELL
NVDA,241121,83806,148.39,100,SELL
NVDA,241121,83806,148.4,252,BUY
NVDA,241121,83808,148.3,100,SELL
NVDA,241121,83814,148.24,100,SELL
NVDA,241121,83814,148.24,100,SELL
NVDA,241121,83814,148.24,100,SELL
NVDA,241121,83814,148.24,100,SELL
NVDA,241121,83814,148.24,100,SELL
NVDA,241121,83814,148.23,100,SELL
NVDA,241121,83814,148.23,100,SELL
NVDA,241121,83814,148.23,100,SELL
NVDA,241121,83814,148.23,100,SELL
NVDA,241121,83814,148.22,100,SELL
NVDA,241121,83814,148.22,100,SELL
NVDA,241121,83814,148.22,100,SELL
NVDA,241121,83814,148.27,100,SELL
NVDA,241121,83815,148.25,100,SELL
NVDA,241121,83815,148.23,100,SELL
NVDA,241121,83816,148.2,100,SELL
NVDA,241121,83816,148.21,100,SELL
NVDA,241121,83817,148.16,400,SELL
NVDA,241121,83817,148.16,600,SELL
NVDA,241121,83817,148.16,100,SELL
NVDA,241121,83817,148.16,100,SELL
NVDA,241121,83817,148.16,100,SELL
NVDA,241121,83817,148.2,100,SELL
NVDA,241121,83817,148.2,100,SELL
NVDA,241121,83817,148.2,249,SELL
NVDA,241121,83819,148.2,231,SELL
NVDA,241121,83822,148.19,100,SELL
NVDA,241121,83822,148.18,100,SELL
NVDA,241121,83822,148.18,100,SELL
NVDA,241121,83822,148.18,100,SELL
NVDA,241121,83822,148.18,100,SELL
NVDA,241121,83828,148.19,100,SELL
NVDA,241121,83828,148.19,100,SELL
NVDA,241121,83828,148.18,100,SELL
NVDA,241121,83836,148.18,100,SELL
NVDA,241121,83838,148.15,100,SELL
NVDA,241121,83841,148.09,159,SELL
NVDA,241121,83842,148.07,100,SELL
NVDA,241121,83849,148.12,100,SELL
NVDA,241121,83849,148.12,100,SELL
NVDA,241121,83849,148.11,252,SELL
NVDA,241121,83849,148.11,100,SELL
NVDA,241121,83849,148.11,100,SELL
NVDA,241121,83849,148.11,100,SELL
NVDA,241121,83849,148.11,100,SELL
NVDA,241121,83851,148.14,140,BUY
NVDA,241121,83851,148.14,100,SELL
NVDA,241121,83852,148.11,667,SELL
NVDA,241121,83852,148.09,100,SELL
NVDA,241121,83852,148.08,100,SELL
NVDA,241121,83905,148.04,100,SELL
NVDA,241121,83905,148.04,100,SELL
NVDA,241121,83905,148.04,100,SELL
NVDA,241121,83905,148.04,100,SELL
NVDA,241121,83905,148.03,100,SELL
NVDA,241121,83905,148.05,200,BUY
NVDA,241121,83908,148.04,300,SELL
NVDA,241121,83913,148.15,110,SELL
NVDA,241121,83913,148.16,198,BUY
NVDA,241121,83914,148.14,158,SELL
NVDA,241121,83918,148.14,100,SELL
NVDA,241121,83919,148.15,500,BUY
NVDA,241121,83919,148.17,100,SELL
NVDA,241121,83919,148.17,100,SELL
NVDA,241121,83919,148.16,100,SELL
NVDA,241121,83919,148.16,100,SELL
NVDA,241121,83919,148.16,100,SELL
NVDA,241121,83919,148.16,100,SELL
NVDA,241121,83919,148.16,100,SELL
NVDA,241121,83919,148.15,100,SELL
NVDA,241121,83919,148.15,100,SELL
NVDA,241121,83919,148.15,100,SELL
NVDA,241121,83919,148.15,100,SELL
NVDA,241121,83919,148.19,100,SELL
NVDA,241121,83920,148.17,160,SELL
NVDA,241121,83920,148.17,149,SELL
NVDA,241121,83920,148.17,289,SELL
NVDA,241121,83921,148.17,402,SELL
NVDA,241121,83923,148.24,100,SELL
NVDA,241121,83923,148.24,100,SELL
NVDA,241121,83923,148.25,393,BUY
NVDA,241121,83924,148.25,165,SELL
NVDA,241121,83929,148.28,900,BUY
NVDA,241121,83929,148.28,109,SELL
NVDA,241121,83929,148.28,200,SELL
NVDA,241121,83933,148.4,100,SELL
NVDA,241121,83933,148.4,100,SELL
NVDA,241121,83933,148.4,100,SELL
NVDA,241121,83933,148.4,100,SELL
NVDA,241121,83941,148.42,100,SELL
NVDA,241121,83942,148.44,202,BUY
NVDA,241121,83943,148.37,108,SELL
NVDA,241121,83953,148.45,102,SELL
NVDA,241121,83957,148.45,100,SELL
NVDA,241121,84000,148.45,200,SELL
NVDA,241121,84000,148.46,392,BUY
NVDA,241121,84002,148.42,100,SELL
NVDA,241121,84002,148.42,100,SELL
NVDA,241121,84002,148.42,100,SELL
NVDA,241121,84004,148.4,100,SELL
NVDA,241121,84004,148.41,100,SELL
NVDA,241121,84004,148.41,100,SELL
NVDA,241121,84004,148.41,100,SELL
NVDA,241121,84004,148.41,100,SELL
NVDA,241121,84004,148.42,100,SELL
NVDA,241121,84004,148.42,100,SELL
NVDA,241121,84004,148.42,100,SELL
